1721749182850494 {"lastUpdateId": 134180599, "bids": [["1.21400000", "63.38000000"], ["1.21300000", "177.36000000"], ["1.21200000", "447.96000000"], ["1.21100000", "2311.69000000"], ["1.21000000", "228.30000000"], ["1.20900000", "182.53000000"], ["1.20800000", "294.92000000"], ["1.20700000", "3943.38000000"], ["1.20600000", "4660.86000000"], ["1.20500000", "2162.24000000"], ["1.20400000", "613.13000000"], ["1.20300000", "351.29000000"], ["1.20200000", "211.69000000"], ["1.20100000", "637.75000000"], ["1.20000000", "5797.30000000"], ["1.19900000", "173.19000000"], ["1.19800000", "344.31000000"], ["1.19700000", "3265.34000000"], ["1.19600000", "10852.06000000"], ["1.19500000", "175.46000000"], ["1.19400000", "196.91000000"], ["1.19300000", "357.43000000"], ["1.19200000", "164.13000000"], ["1.19100000", "170.30000000"], ["1.19000000", "2900.72000000"], ["1.18900000", "181.98000000"], ["1.18800000", "421.48000000"], ["1.18700000", "214.34000000"], ["1.18600000", "410.55000000"], ["1.18500000", "95.23000000"], ["1.18300000", "7.21000000"], ["1.18200000", "57.87000000"], ["1.18100000", "5.16000000"], ["1.18000000", "4.99000000"], ["1.17900000", "15.96000000"], ["1.17800000", "7.68000000"], ["1.17700000", "25.07000000"], ["1.17600000", "13.75000000"], ["1.17500000", "20905.10000000"], ["1.17300000", "883.59000000"], ["1.17200000", "11.76000000"], ["1.17000000", "267.85000000"], ["1.16900000", "372.25000000"], ["1.16800000", "162.02000000"], ["1.16700000", "15.71000000"], ["1.16600000", "46.40000000"], ["1.16300000", "20186.11000000"], ["1.16100000", "18.86000000"], ["1.16000000", "306.89000000"], ["1.15900000", "47.12000000"], ["1.15800000", "21.55000000"], ["1.15400000", "14.61000000"], ["1.15200000", "11021.00000000"], ["1.15100000", "22.25000000"], ["1.15000000", "35.72000000"], ["1.14900000", "7.43000000"], ["1.14800000", "10.45000000"], ["1.14700000", "4.58000000"], ["1.14600000", "42.99000000"], ["1.14500000", "16.60000000"], ["1.14400000", "4.99000000"], ["1.14200000", "24.94000000"], ["1.14100000", "20072.50000000"], ["1.14000000", "44.85000000"], ["1.13800000", "7.50000000"], ["1.13700000", "7.81000000"], ["1.13600000", "4.99000000"], ["1.13500000", "10.74000000"], ["1.13400000", "149.10000000"], ["1.13300000", "17.26000000"], ["1.13200000", "9.37000000"], ["1.13000000", "307.68000000"], ["1.12900000", "49.84000000"], ["1.12800000", "29589.84000000"], ["1.12700000", "7.57000000"], ["1.12600000", "43.34000000"], ["1.12400000", "25.07000000"], ["1.12300000", "15.36000000"], ["1.12100000", "21.94000000"], ["1.11900000", "9.48000000"], ["1.11800000", "19.97000000"], ["1.11700000", "39476.29000000"], ["1.11600000", "17.26000000"], ["1.11500000", "7.65000000"], ["1.11400000", "10.80000000"], ["1.11200000", "51.59000000"], ["1.11100000", "7.81000000"], ["1.11000000", "34526.14000000"], ["1.10700000", "22.25000000"], ["1.10600000", "86.35000000"], ["1.10400000", "7.73000000"], ["1.10100000", "5.00000000"], ["1.10000000", "487.70000000"], ["1.09900000", "4.99000000"], ["1.09800000", "36.63000000"], ["1.09500000", "7.68000000"], ["1.09300000", "12.81000000"], ["1.09200000", "12.81000000"], ["1.09000000", "12.78000000"], ["1.08900000", "476.39000000"], ["1.08600000", "33.73000000"], ["1.08500000", "89.80000000"], ["1.08300000", "129.08000000"], ["1.08100000", "25.16000000"], ["1.07700000", "4.99000000"], ["1.07500000", "11.81000000"], ["1.07400000", "10.08000000"], ["1.07300000", "7.81000000"], ["1.07200000", "17.26000000"], ["1.07000000", "464.05000000"], ["1.06800000", "158.31000000"], ["1.06600000", "33.73000000"], ["1.06400000", "5.20000000"], ["1.06300000", "17.26000000"], ["1.06200000", "4.99000000"], ["1.06100000", "7.81000000"], ["1.05800000", "8.07000000"], ["1.05500000", "4.99000000"], ["1.05400000", "17.26000000"], ["1.05300000", "6.82000000"], ["1.05100000", "12.08000000"], ["1.05000000", "27530.43000000"], ["1.04900000", "476.64000000"], ["1.04800000", "12.80000000"], ["1.04700000", "8.15000000"], ["1.04600000", "50.99000000"], ["1.04000000", "4.99000000"], ["1.03700000", "180.30000000"], ["1.03600000", "35.36000000"], ["1.03300000", "4.99000000"], ["1.02900000", "12.34000000"], ["1.02800000", "17.26000000"], ["1.02700000", "33.73000000"], ["1.02600000", "4.99000000"], ["1.02500000", "10.94000000"], ["1.02400000", "16.14000000"], ["1.02000000", "41.75000000"], ["1.01900000", "17.26000000"], ["1.01300000", "16.24000000"], ["1.01100000", "17.26000000"], ["1.01000000", "60.95000000"], ["1.00700000", "33.73000000"], ["1.00600000", "180.69000000"], ["1.00200000", "140.27000000"], ["1.00100000", "16.34000000"], ["1.00000000", "165.31000000"], ["0.99100000", "8.05000000"], ["0.99000000", "8.62000000"], ["0.98900000", "747.32000000"], ["0.98800000", "335.62000000"], ["0.98700000", "33.73000000"], ["0.98400000", "12.90000000"], ["0.98200000", "11.80000000"], ["0.98000000", "119.83000000"], ["0.97900000", "20.18000000"], ["0.97800000", "7.81000000"], ["0.96700000", "50.37000000"], ["0.96300000", "13.18000000"], ["0.96000000", "14.45000000"], ["0.95600000", "28.47000000"], ["0.95000000", "32.94000000"], ["0.94700000", "33.73000000"], ["0.94500000", "16.84000000"], ["0.94200000", "13.48000000"], ["0.94000000", "40.63000000"], ["0.93400000", "7.81000000"], ["0.93000000", "36.43000000"], ["0.92800000", "108.00000000"], ["0.92700000", "33.73000000"], ["0.92600000", "25.00000000"], ["0.92300000", "7.81000000"], ["0.92200000", "142.85000000"], ["0.92000000", "49.25000000"], ["0.91400000", "6.00000000"], ["0.91300000", "7.81000000"], ["0.91000000", "24.81000000"], ["0.90700000", "33.73000000"], ["0.90400000", "66.39000000"], ["0.90200000", "21.88000000"], ["0.90000000", "351.66000000"], ["0.89300000", "11.19000000"], ["0.89200000", "7.81000000"], ["0.89000000", "45.00000000"], ["0.88800000", "33.73000000"], ["0.88200000", "14.39000000"], ["0.88100000", "7.81000000"], ["0.87100000", "7.81000000"], ["0.87000000", "15.46000000"], ["0.86800000", "51.01000000"], ["0.86300000", "14.71000000"], ["0.86200000", "87.01000000"], ["0.86100000", "7.81000000"], ["0.86000000", "199.53000000"], ["0.85500000", "226.59000000"], ["0.85100000", "7.81000000"], ["0.85000000", "591.15000000"], ["0.84800000", "33.73000000"], ["0.84700000", "14.00000000"], ["0.84500000", "15.02000000"], ["0.84200000", "7.81000000"], ["0.84100000", "59.45000000"], ["0.83200000", "19.82000000"], ["0.83000000", "17.74000000"], ["0.82800000", "33.73000000"], ["0.82200000", "7.81000000"], ["0.81300000", "7.81000000"], ["0.81000000", "12.46000000"], ["0.80800000", "533.73000000"], ["0.80400000", "7.81000000"], ["0.80000000", "188.37000000"], ["0.79500000", "106.92000000"], ["0.79400000", "7.81000000"], ["0.78800000", "33.73000000"], ["0.78500000", "7.81000000"], ["0.78000000", "38.41000000"], ["0.77600000", "20.69000000"], ["0.76800000", "53.26000000"], ["0.76700000", "7.81000000"], ["0.76000000", "10.52000000"], ["0.75800000", "7.81000000"], ["0.75500000", "14.52000000"], ["0.75000000", "1150.22000000"], ["0.74800000", "33.73000000"], ["0.74600000", "36.12000000"], ["0.74300000", "26.87000000"], ["0.74100000", "7.81000000"], ["0.74000000", "14.86000000"], ["0.73300000", "7.81000000"], ["0.72900000", "33.73000000"], ["0.72800000", "300.00000000"], ["0.72400000", "7.81000000"], ["0.71600000", "7.81000000"], ["0.71000000", "14.22000000"], ["0.70900000", "33.73000000"], ["0.70800000", "7.81000000"], ["0.70000000", "124.11000000"], ["0.69500000", "107.54000000"], ["0.69000000", "208.48000000"], ["0.68900000", "33.73000000"], ["0.68500000", "706.00000000"], ["0.68400000", "36.54000000"], ["0.68000000", "706.00000000"], ["0.67900000", "36.82000000"], ["0.67500000", "706.00000000"], ["0.67000000", "760.37000000"], ["0.66900000", "33.73000000"], ["0.66500000", "706.00000000"], ["0.66000000", "767.00000000"], ["0.65500000", "723.09000000"], ["0.65000000", "874.10000000"], ["0.64900000", "33.73000000"], ["0.64500000", "706.00000000"], ["0.64400000", "166.00000000"], ["0.64200000", "311.52000000"], ["0.64000000", "760.40000000"], ["0.63500000", "706.00000000"], ["0.63000000", "706.00000000"], ["0.62900000", "33.73000000"], ["0.62500000", "706.00000000"], ["0.62000000", "706.00000000"], ["0.61600000", "121.76000000"], ["0.61500000", "739.00000000"], ["0.61000000", "787.96000000"], ["0.60900000", "33.73000000"], ["0.60500000", "706.00000000"], ["0.60100000", "9.98000000"], ["0.60000000", "608.15000000"], ["0.59300000", "11.00000000"], ["0.59000000", "33.73000000"], ["0.57000000", "201.84000000"], ["0.56000000", "22.50000000"], ["0.55500000", "32.26000000"], ["0.55200000", "31.76000000"], ["0.55100000", "34.97000000"], ["0.55000000", "124.98000000"], ["0.53700000", "35.88000000"], ["0.53000000", "33.73000000"], ["0.52400000", "31.08000000"], ["0.51100000", "19.60000000"], ["0.51000000", "73.08000000"], ["0.50000000", "641.60000000"], ["0.49000000", "33.73000000"], ["0.47000000", "97.55000000"], ["0.45500000", "39.34000000"], ["0.45100000", "473.73000000"], ["0.44100000", "82.24000000"], ["0.42800000", "7621.95000000"], ["0.41100000", "500.00000000"], ["0.40000000", "52.50000000"], ["0.39000000", "1000.00000000"], ["0.37000000", "540.54000000"], ["0.35500000", "61.97000000"], ["0.35100000", "570.00000000"], ["0.22000000", "700.00000000"], ["0.21000000", "5000.00000000"], ["0.19300000", "1036.26000000"], ["0.18400000", "54.40000000"], ["0.18300000", "28.33000000"], ["0.18200000", "20000.00000000"], ["0.17600000", "142.04000000"], ["0.17500000", "3581.00000000"], ["0.17000000", "367.64000000"], ["0.15700000", "34.69000000"], ["0.15600000", "641.02000000"], ["0.13500000", "308.66000000"]], "asks": [["1.21600000", "77.20000000"], ["1.21700000", "3805.57000000"], ["1.21800000", "204.34000000"], ["1.21900000", "5162.78000000"], ["1.22000000", "173.65000000"], ["1.22100000", "1396.13000000"], ["1.22200000", "452.74000000"], ["1.22300000", "308.27000000"], ["1.22400000", "163.86000000"], ["1.22500000", "2153.28000000"], ["1.22600000", "6098.00000000"], ["1.22700000", "540.42000000"], ["1.22800000", "6885.14000000"], ["1.22900000", "231.68000000"], ["1.23000000", "236.61000000"], ["1.23100000", "174.06000000"], ["1.23200000", "204.76000000"], ["1.23300000", "220.22000000"], ["1.23400000", "246.28000000"], ["1.23500000", "309.23000000"], ["1.23600000", "162.00000000"], ["1.23700000", "368.47000000"], ["1.23800000", "195.18000000"], ["1.23900000", "166.60000000"], ["1.24000000", "182.41000000"], ["1.24100000", "248.30000000"], ["1.24200000", "198.91000000"], ["1.24300000", "170.96000000"], ["1.24400000", "225.74000000"], ["1.24500000", "261.39000000"], ["1.24600000", "182.61000000"], ["1.24700000", "210.07000000"], ["1.24800000", "31.57000000"], ["1.24900000", "123.59000000"], ["1.25000000", "458.54000000"], ["1.25200000", "49.84000000"], ["1.25300000", "227.22000000"], ["1.25400000", "155.83000000"], ["1.25500000", "38.52000000"], ["1.25600000", "75.01000000"], ["1.25700000", "87.70000000"], ["1.25800000", "8.30000000"], ["1.25900000", "353.45000000"], ["1.26000000", "495.46000000"], ["1.26100000", "7.81000000"], ["1.26200000", "48.52000000"], ["1.26300000", "6.76000000"], ["1.26400000", "913.09000000"], ["1.26500000", "200.46000000"], ["1.26600000", "8.75000000"], ["1.26700000", "8.37000000"], ["1.26800000", "53.08000000"], ["1.26900000", "40.71000000"], ["1.27000000", "84.50000000"], ["1.27100000", "2945.87000000"], ["1.27200000", "148.74000000"], ["1.27300000", "1657.41000000"], ["1.27400000", "423.38000000"], ["1.27500000", "11970.55000000"], ["1.27600000", "35.50000000"], ["1.27800000", "136.35000000"], ["1.27900000", "59.09000000"], ["1.28000000", "371.04000000"], ["1.28100000", "21.48000000"], ["1.28200000", "39.85000000"], ["1.28300000", "9.56000000"], ["1.28400000", "13.55000000"], ["1.28500000", "60.14000000"], ["1.28600000", "177.92000000"], ["1.28700000", "50.84000000"], ["1.28800000", "86.65000000"], ["1.28900000", "135.04000000"], ["1.29000000", "8.09000000"], ["1.29100000", "84.97000000"], ["1.29200000", "130.88000000"], ["1.29400000", "24.32000000"], ["1.29500000", "91.72000000"], ["1.29600000", "22.35000000"], ["1.29700000", "22.81000000"], ["1.29800000", "80.93000000"], ["1.29900000", "138.55000000"], ["1.30000000", "2065.67000000"], ["1.30100000", "28.34000000"], ["1.30200000", "64.35000000"], ["1.30300000", "135.18000000"], ["1.30400000", "9.20000000"], ["1.30500000", "33.73000000"], ["1.30600000", "12.80000000"], ["1.30700000", "13.14000000"], ["1.30800000", "21.30000000"], ["1.30900000", "20.28000000"], ["1.31000000", "2017.24000000"], ["1.31100000", "71.90000000"], ["1.31200000", "7.95000000"], ["1.31300000", "10.01000000"], ["1.31400000", "53.98000000"], ["1.31500000", "62.90000000"], ["1.31700000", "28.24000000"], ["1.31800000", "9.10000000"], ["1.31900000", "67.77000000"], ["1.32000000", "56.05000000"], ["1.32100000", "51.25000000"], ["1.32200000", "10.40000000"], ["1.32300000", "129.08000000"], ["1.32400000", "52.34000000"], ["1.32500000", "120.43000000"], ["1.32600000", "44.85000000"], ["1.32700000", "130.61000000"], ["1.32800000", "35.57000000"], ["1.33000000", "65.87000000"], ["1.33100000", "30.72000000"], ["1.33200000", "6.08000000"], ["1.33300000", "7.68000000"], ["1.33400000", "25.63000000"], ["1.33500000", "9415.43000000"], ["1.33600000", "75.58000000"], ["1.33700000", "93.80000000"], ["1.33800000", "18.62000000"], ["1.33900000", "61.93000000"], ["1.34000000", "568.82000000"], ["1.34100000", "9.69000000"], ["1.34200000", "37.80000000"], ["1.34300000", "11.34000000"], ["1.34400000", "106.15000000"], ["1.34500000", "62.76000000"], ["1.34600000", "14.11000000"], ["1.34700000", "7.88000000"], ["1.34800000", "9399.30000000"], ["1.34900000", "81.91000000"], ["1.35000000", "1722.49000000"], ["1.35100000", "65.83000000"], ["1.35200000", "103.10000000"], ["1.35300000", "48.36000000"], ["1.35400000", "11.32000000"], ["1.35500000", "57.00000000"], ["1.35700000", "12.67000000"], ["1.35800000", "41.97000000"], ["1.35900000", "26.10000000"], ["1.36000000", "125.85000000"], ["1.36100000", "9008.89000000"], ["1.36200000", "38.39000000"], ["1.36300000", "66.91000000"], ["1.36400000", "33.73000000"], ["1.36500000", "1425.08000000"], ["1.36600000", "18.92000000"], ["1.36800000", "80.45000000"], ["1.36900000", "86.50000000"], ["1.37000000", "1806.21000000"], ["1.37100000", "6.08000000"], ["1.37200000", "92.03000000"], ["1.37400000", "11.36000000"], ["1.37500000", "9308.24000000"], ["1.37700000", "77.46000000"], ["1.37800000", "47.83000000"], ["1.37900000", "56.06000000"], ["1.38000000", "23.39000000"], ["1.38100000", "7.68000000"], ["1.38200000", "157.02000000"], ["1.38300000", "7.81000000"], ["1.38400000", "78.58000000"], ["1.38500000", "118.31000000"], ["1.38600000", "79.22000000"], ["1.38700000", "11.07000000"], ["1.38800000", "125.56000000"], ["1.38900000", "84.56000000"], ["1.39000000", "1541.37000000"], ["1.39100000", "5.02000000"], ["1.39200000", "39.51000000"], ["1.39300000", "7.68000000"], ["1.39400000", "92.74000000"], ["1.39500000", "102.53000000"], ["1.39700000", "3527.78000000"], ["1.39800000", "99.72000000"], ["1.39900000", "150.15000000"], ["1.40000000", "83.09000000"], ["1.40100000", "12.93000000"], ["1.40200000", "88.13000000"], ["1.40300000", "5.02000000"], ["1.40400000", "190.90000000"], ["1.40500000", "7.68000000"], ["1.40600000", "46.56000000"], ["1.40700000", "44.85000000"], ["1.40800000", "289.76000000"], ["1.40900000", "4.99000000"], ["1.41000000", "136.63000000"], ["1.41100000", "93.04000000"], ["1.41200000", "33.97000000"], ["1.41400000", "163.10000000"], ["1.41500000", "12.86000000"], ["1.41600000", "17.70000000"], ["1.41700000", "7.68000000"], ["1.41800000", "44.85000000"], ["1.42000000", "62066.00000000"], ["1.42100000", "139.16000000"], ["1.42200000", "112.45000000"], ["1.42300000", "45.98000000"], ["1.42400000", "42.82000000"], ["1.42600000", "112.92000000"], ["1.42700000", "7.02000000"], ["1.42800000", "13.51000000"], ["1.42900000", "7.16000000"], ["1.43000000", "44.85000000"], ["1.43100000", "22.35000000"], ["1.43200000", "5.36000000"], ["1.43400000", "25.45000000"], ["1.43500000", "548.39000000"], ["1.43600000", "22.41000000"], ["1.43700000", "11835.57000000"], ["1.43900000", "4.99000000"], ["1.44000000", "71.11000000"], ["1.44100000", "53.08000000"], ["1.44200000", "76.18000000"], ["1.44400000", "33.73000000"], ["1.44500000", "11.99000000"], ["1.44600000", "25.92000000"], ["1.44700000", "62.41000000"], ["1.44900000", "357.14000000"], ["1.45000000", "1005.36000000"], ["1.45100000", "5.31000000"], ["1.45300000", "18.75000000"], ["1.45400000", "54.75000000"], ["1.45500000", "90.85000000"], ["1.45600000", "30.86000000"], ["1.45700000", "13.55000000"], ["1.46100000", "82.59000000"], ["1.46200000", "14.96000000"], ["1.46400000", "178.60000000"], ["1.46500000", "70.35000000"], ["1.46600000", "351.18000000"], ["1.46700000", "5.36000000"], ["1.46800000", "24.26000000"], ["1.47000000", "144.60000000"], ["1.47200000", "34.67000000"], ["1.47300000", "53.94000000"], ["1.47500000", "4313.29000000"], ["1.47900000", "11.85000000"], ["1.48000000", "65.44000000"], ["1.48100000", "81.46000000"], ["1.48200000", "7.45000000"], ["1.48300000", "97.82000000"], ["1.48400000", "639.27000000"], ["1.48500000", "5.36000000"], ["1.48800000", "6.08000000"], ["1.49000000", "49.32000000"], ["1.49100000", "19.06000000"], ["1.49200000", "21.65000000"], ["1.49300000", "61.99000000"], ["1.49400000", "3.35000000"], ["1.49500000", "12.14000000"], ["1.49600000", "6.08000000"], ["1.49700000", "336.53000000"], ["1.49800000", "4.99000000"], ["1.49900000", "62.23000000"], ["1.50000000", "5907.21000000"], ["1.50100000", "12.00000000"], ["1.50200000", "5.36000000"], ["1.50300000", "46.97000000"], ["1.50500000", "11.07000000"], ["1.50600000", "26.70000000"], ["1.50900000", "538.46000000"], ["1.51000000", "31.83000000"], ["1.51100000", "20.94000000"], ["1.51200000", "14.99000000"], ["1.51300000", "106.47000000"], ["1.51400000", "27.42000000"], ["1.51500000", "26.55000000"], ["1.51600000", "12.17000000"], ["1.51800000", "14.53000000"], ["1.51900000", "500.00000000"], ["1.52000000", "104.73000000"], ["1.52100000", "24.60000000"], ["1.52300000", "39.81000000"], ["1.52400000", "48.39000000"], ["1.52500000", "12.14000000"], ["1.52600000", "17.70000000"], ["1.52700000", "15.76000000"], ["1.52900000", "521.13000000"], ["1.53000000", "317.24000000"], ["1.53200000", "6.08000000"], ["1.53500000", "4.99000000"], ["1.53600000", "21.03000000"], ["1.53700000", "16.50000000"], ["1.53900000", "509.97000000"], ["1.54000000", "251.44000000"], ["1.54100000", "6.08000000"], ["1.54300000", "57.10000000"], ["1.54400000", "20.92000000"], ["1.54500000", "58.97000000"], ["1.54600000", "17263.85000000"], ["1.54700000", "6.87000000"], ["1.54900000", "500.00000000"], ["1.55000000", "1068.04000000"], ["1.55100000", "103.54000000"], ["1.55200000", "56.33000000"], ["1.55300000", "130.00000000"], ["1.55500000", "76.01000000"], ["1.55600000", "6.82000000"], ["1.55700000", "25.00000000"], ["1.55800000", "22.98000000"], ["1.55900000", "33.85000000"], ["1.56000000", "1586.85000000"], ["1.56300000", "33.73000000"], ["1.56400000", "263.65000000"], ["1.56700000", "20.61000000"], ["1.57000000", "24.23000000"], ["1.57200000", "5.36000000"], ["1.57500000", "20.50000000"], ["1.57600000", "127.30000000"], ["1.57700000", "13.07000000"], ["1.58000000", "292.51000000"], ["1.58100000", "12.93000000"], ["1.58200000", "42.39000000"], ["1.58300000", "92.73000000"], ["1.58400000", "6.95000000"], ["1.58500000", "5.42000000"], ["1.58800000", "4.79000000"], ["1.59000000", "4941.91000000"], ["1.59100000", "20.31000000"], ["1.59400000", "39.96000000"], ["1.59800000", "170.89000000"], ["1.59900000", "75.83000000"], ["1.60000000", "1322.01000000"], ["1.60300000", "33.73000000"], ["1.60600000", "100.22000000"], ["1.60700000", "25.47000000"], ["1.60800000", "3.16000000"], ["1.61000000", "26.39000000"], ["1.61300000", "10.57000000"], ["1.61500000", "29.52000000"], ["1.61700000", "37.31000000"], ["1.62000000", "57.28000000"], ["1.62200000", "136.22000000"], ["1.62300000", "19.91000000"], ["1.62500000", "5.36000000"], ["1.62700000", "51.53000000"], ["1.63000000", "47.91000000"], ["1.63100000", "29.21000000"], ["1.63400000", "3.06000000"], ["1.63900000", "71.93000000"], ["1.64000000", "2020.00000000"], ["1.64200000", "39.09000000"], ["1.64300000", "100.00000000"], ["1.64400000", "5.11000000"], ["1.64500000", "122.00000000"], ["1.64700000", "19.61000000"], ["1.65000000", "1434.98000000"], ["1.65500000", "122.24000000"], ["1.65600000", "67.03000000"], ["1.66000000", "5.36000000"], ["1.66200000", "93.89000000"], ["1.66300000", "19.42000000"], ["1.66500000", "12.12000000"], ["1.67000000", "16.49000000"], ["1.67200000", "19.32000000"], ["1.67400000", "21.63000000"], ["1.67600000", "3.00000000"], ["1.67700000", "5.36000000"], ["1.68000000", "159.80000000"], ["1.68200000", "33.73000000"], ["1.68500000", "49.76000000"], ["1.68700000", "19.47000000"], ["1.68800000", "19.13000000"], ["1.69000000", "93.92000000"], ["1.69500000", "5.36000000"], ["1.69700000", "19.03000000"], ["1.70000000", "192.39000000"], ["1.70200000", "40.55000000"], ["1.70400000", "94.45000000"], ["1.70500000", "18.94000000"], ["1.70600000", "19.28000000"], ["1.70900000", "7.02000000"], ["1.71000000", "619.37000000"], ["1.71200000", "5.36000000"], ["1.71300000", "18.85000000"], ["1.71400000", "6.43000000"], ["1.71500000", "48.89000000"], ["1.72000000", "866.29000000"], ["1.72200000", "64.38000000"], ["1.72700000", "14.34000000"], ["1.72800000", "17.19000000"], ["1.73000000", "55.36000000"], ["1.73100000", "18.67000000"], ["1.73800000", "63.95000000"], ["1.74000000", "1293.62000000"], ["1.74200000", "33.73000000"], ["1.74600000", "48.02000000"], ["1.74700000", "5.36000000"], ["1.74900000", "18.47000000"], ["1.75000000", "189.30000000"], ["1.75600000", "91.67000000"], ["1.75700000", "18.39000000"], ["1.76000000", "25.76000000"], ["1.76200000", "33.73000000"], ["1.76500000", "5.36000000"], ["1.76600000", "18.29000000"], ["1.76900000", "28.03000000"], ["1.77500000", "18.20000000"], ["1.77700000", "47.18000000"], ["1.78000000", "286.41000000"], ["1.78100000", "33.73000000"], ["1.78200000", "5.36000000"], ["1.78300000", "18.12000000"], ["1.78800000", "6.93000000"], ["1.78900000", "7.48000000"], ["1.79000000", "97.09000000"], ["1.79200000", "18.03000000"], ["1.79400000", "2.79000000"], ["1.80000000", "845.35000000"], ["1.80100000", "51.67000000"], ["1.80800000", "46.37000000"], ["1.80900000", "89.01000000"], ["1.81000000", "17.85000000"], ["1.81500000", "6.08000000"], ["1.81900000", "17.76000000"], ["1.82100000", "33.73000000"], ["1.82200000", "101.83000000"], ["1.82600000", "111.00000000"], ["1.82800000", "42.69000000"], ["1.83000000", "55.00000000"], ["1.83700000", "83.76000000"], ["1.84000000", "62.02000000"], ["1.84100000", "41.88000000"], ["1.84400000", "11.00000000"], ["1.84600000", "17.50000000"], ["1.85000000", "61.20000000"], ["1.85500000", "17.41000000"], ["1.86000000", "54.30000000"], ["1.86100000", "33.73000000"], ["1.86200000", "15.41000000"], ["1.86300000", "86.40000000"], ["1.86400000", "17.33000000"], ["1.86800000", "2.86000000"], ["1.87000000", "27.74000000"], ["1.87300000", "44.76000000"], ["1.87500000", "17.23000000"], ["1.88000000", "2164.58000000"], ["1.88100000", "33.73000000"], ["1.88400000", "17.15000000"], ["1.89000000", "170.44000000"], ["1.89300000", "17.07000000"], ["1.89800000", "33.32000000"], ["1.89900000", "6.95000000"], ["1.90000000", "184.28000000"], ["1.90100000", "33.73000000"], ["1.90300000", "27.74000000"], ["1.90600000", "43.99000000"], ["1.90700000", "14.06000000"], ["1.91200000", "16.90000000"], ["1.91500000", "104.54000000"], ["1.91900000", "83.88000000"], ["1.92000000", "33.73000000"], ["1.92100000", "16.82000000"], ["1.92500000", "25.05000000"], ["1.93100000", "16.73000000"], ["1.94000000", "265.76000000"], ["1.94200000", "10.00000000"], ["1.95000000", "27.98000000"], ["1.96000000", "50.21000000"], ["1.96900000", "16.40000000"], ["1.97000000", "79.00000000"], ["1.97300000", "102.00000000"], ["1.97400000", "45.01000000"], ["1.97700000", "81.43000000"], ["1.97900000", "16.32000000"], ["1.98000000", "1293.73000000"], ["1.98900000", "16.24000000"], ["1.99000000", "164.04000000"], ["1.99100000", "10.00000000"], ["1.99200000", "6.53000000"], ["1.99900000", "19.66000000"], ["2.00000000", "5849.63000000"], ["2.00900000", "57.81000000"], ["2.01000000", "10.00000000"], ["2.01900000", "16.00000000"], ["2.02000000", "33.73000000"], ["2.02600000", "101.00000000"], ["2.02900000", "15.92000000"], ["2.03000000", "4.92000000"], ["2.03300000", "37.91000000"], ["2.03700000", "79.05000000"], ["2.04000000", "49.57000000"], ["2.04500000", "41.00000000"], ["2.05000000", "18.20000000"], ["2.05900000", "33.73000000"], ["2.06000000", "15.68000000"], ["2.07000000", "15.61000000"], ["2.07900000", "33.73000000"], ["2.08000000", "25.53000000"], ["2.08100000", "40.29000000"], ["2.09000000", "15.46000000"], ["2.09800000", "76.75000000"], ["2.09900000", "33.73000000"], ["2.10000000", "484.45000000"], ["2.10100000", "15.37000000"], ["2.10200000", "11.90000000"], ["2.10500000", "16.00000000"], ["2.11000000", "116.47000000"], ["2.11100000", "15.30000000"], ["2.11800000", "39.59000000"], ["2.11900000", "33.73000000"], ["2.12000000", "10.00000000"], ["2.12200000", "15.22000000"], ["2.13200000", "15.15000000"], ["2.13600000", "70.97000000"], ["2.13900000", "33.73000000"], ["2.14300000", "15.07000000"], ["2.15300000", "15.00000000"], ["2.15400000", "4.80000000"], ["2.15500000", "38.91000000"], ["2.15700000", "267.43000000"], ["2.15900000", "33.73000000"], ["2.16200000", "74.48000000"], ["2.16500000", "384.51000000"], ["2.16900000", "921.96000000"], ["2.17000000", "15.11000000"], ["2.17400000", "2.31000000"], ["2.17600000", "14.85000000"], ["2.17900000", "33.73000000"], ["2.18000000", "126.45000000"], ["2.18600000", "14.78000000"], ["2.19400000", "38.21000000"], ["2.19700000", "14.70000000"], ["2.19900000", "33.73000000"], ["2.20000000", "126.55000000"], ["2.20400000", "1102.92000000"], ["2.20800000", "14.63000000"], ["2.21600000", "143.74000000"], ["2.21900000", "14.56000000"], ["2.22000000", "11.26000000"], ["2.22700000", "72.31000000"], ["2.23000000", "20.32000000"], ["2.23300000", "37.55000000"], ["2.24000000", "20.00000000"], ["2.24100000", "14.41000000"], ["2.24400000", "7.16000000"], ["2.24900000", "92.00000000"], ["2.25000000", "26.46000000"], ["2.25200000", "14.34000000"], ["2.26300000", "14.27000000"], ["2.27000000", "5.07000000"], ["2.27200000", "36.90000000"], ["2.27400000", "14.20000000"], ["2.27900000", "112.82000000"], ["2.28500000", "50.78000000"], ["2.29000000", "562.37000000"], ["2.29300000", "2.40000000"], ["2.29400000", "70.18000000"], ["2.29700000", "14.06000000"], ["2.30000000", "292.37000000"], ["2.30900000", "15.17000000"], ["2.31200000", "36.26000000"], ["2.32000000", "1298.70000000"], ["2.32100000", "15.17000000"], ["2.33200000", "15.17000000"], ["2.33500000", "7.99000000"], ["2.34000000", "3.84000000"], ["2.34400000", "15.17000000"], ["2.34600000", "43.39000000"], ["2.35000000", "102.26000000"], ["2.35300000", "35.63000000"], ["2.35400000", "76.63000000"], ["2.35500000", "15.17000000"], ["2.36000000", "149.46000000"], ["2.36200000", "72.97000000"], ["2.36700000", "15.17000000"], ["2.37400000", "2.11000000"], ["2.37800000", "15.17000000"], ["2.38000000", "5.00000000"], ["2.39000000", "15.17000000"], ["2.39500000", "35.01000000"], ["2.40000000", "3860.27000000"], ["2.40200000", "15.17000000"], ["2.40500000", "623.84000000"], ["2.40600000", "9.09000000"], ["2.41000000", "20.50000000"], ["2.41400000", "15.17000000"], ["2.42000000", "997.65000000"], ["2.42600000", "15.17000000"], ["2.43300000", "66.17000000"], ["2.43800000", "49.56000000"], ["2.44000000", "17.98000000"], ["2.45000000", "5.00000000"], ["2.45100000", "15.17000000"], ["2.46300000", "15.17000000"], ["2.47500000", "15.17000000"], ["2.47700000", "60.55000000"], ["2.48100000", "33.79000000"], ["2.48700000", "15.17000000"], ["2.49300000", "48.13000000"], ["2.49600000", "84.00000000"], ["2.49900000", "358.20000000"], ["2.50000000", "8647.52000000"], ["2.50500000", "119.85000000"], ["2.50600000", "64.24000000"], ["2.50700000", "8.08000000"], ["2.51200000", "15.17000000"], ["2.52400000", "15.17000000"], ["2.52500000", "33.20000000"], ["2.53300000", "43.86000000"], ["2.53700000", "15.17000000"], ["2.54200000", "10.00000000"], ["2.55000000", "96.49000000"], ["2.55200000", "3.99000000"], ["2.56400000", "6.24000000"], ["2.57000000", "200.71000000"], ["2.58200000", "62.37000000"], ["2.60000000", "338.41000000"], ["2.61000000", "463.65000000"], ["2.61400000", "1.92000000"], ["2.61500000", "32.06000000"], ["2.62000000", "76.82000000"], ["2.65000000", "5.00000000"], ["2.65800000", "12.00000000"], ["2.66100000", "31.51000000"], ["2.66200000", "4.42000000"], ["2.66700000", "18.88000000"], ["2.67000000", "2.99000000"], ["2.68600000", "10.16000000"], ["2.69000000", "37.45000000"], ["2.70000000", "54.14000000"], ["2.70400000", "161.24000000"], ["2.72000000", "17.74000000"], ["2.72700000", "13.57000000"], ["2.74000000", "100.00000000"], ["2.75000000", "12.38000000"], ["2.77000000", "144.57000000"], ["2.79000000", "46.85000000"], ["2.79100000", "233.47000000"], ["2.79900000", "11.05000000"], ["2.80000000", "2012.36000000"], ["2.80500000", "639.54000000"], ["2.85000000", "648.64000000"], ["2.85800000", "7.00000000"], ["2.87000000", "5.00000000"], ["2.87400000", "1.75000000"], ["2.88000000", "34.73000000"], ["2.89900000", "5.17000000"], ["2.90000000", "224.86000000"], ["2.92000000", "230.06000000"], ["2.93900000", "29.97000000"], ["2.94200000", "10.00000000"], ["2.95000000", "97.33000000"], ["2.97000000", "101.08000000"], ["2.97900000", "29.97000000"], ["2.98200000", "4.36000000"], ["2.98900000", "33.50000000"], ["2.99500000", "91.05000000"], ["3.00000000", "1441.49000000"], ["3.00800000", "117.70000000"], ["3.03300000", "11.50000000"], ["3.05000000", "3.49000000"], ["3.07000000", "86.60000000"], ["3.10000000", "309.11000000"], ["3.13500000", "3.50000000"], ["3.14400000", "1.77000000"], ["3.16000000", "18.65000000"], ["3.19900000", "2.18000000"], ["3.23000000", "170.43000000"], ["3.25900000", "22.97000000"], ["3.27000000", "1.53000000"], ["3.28000000", "14.85000000"], ["3.28800000", "10.25000000"], ["3.29000000", "5.39000000"], ["3.29100000", "130.68000000"], ["3.29900000", "1.80000000"], ["3.30000000", "248.86000000"], ["3.31800000", "332.33000000"], ["3.32400000", "38.50000000"], ["3.33100000", "1.80000000"], ["3.34600000", "2.99000000"], ["3.35600000", "2.40000000"], ["3.37000000", "2.96000000"], ["3.38800000", "4.00000000"], ["3.39000000", "29.94000000"], ["3.40000000", "44.26000000"], ["3.41000000", "63.00000000"], ["3.41200000", "4.11000000"], ["3.41800000", "60.71000000"], ["3.43000000", "151.02000000"], ["3.44000000", "1173.75000000"], ["3.45000000", "100.00000000"], ["3.47000000", "13.27000000"], ["3.47300000", "12.50000000"], ["3.47700000", "14.78000000"], ["3.50000000", "557.22000000"], ["3.50400000", "31.26000000"], ["3.54200000", "12.00000000"], ["3.55000000", "1.97000000"], ["3.55900000", "742.64000000"], ["3.57000000", "37.78000000"], ["3.59700000", "1743.51000000"], ["3.60000000", "7.05000000"], ["3.61500000", "378.00000000"], ["3.64000000", "3.00000000"], ["3.66000000", "1640.00000000"], ["3.69000000", "62.09000000"], ["3.70000000", "17.21000000"], ["3.71000000", "39.50000000"], ["3.71100000", "384.84000000"], ["3.75700000", "119.84000000"], ["3.76000000", "13.31000000"], ["3.79000000", "6.33000000"], ["3.80000000", "39.37000000"], ["3.81000000", "17.48000000"], ["3.83400000", "6.25000000"], ["3.86200000", "10.82000000"], ["3.90000000", "314.12000000"], ["3.91000000", "1.79000000"], ["3.92300000", "39.96000000"], ["3.95000000", "10.25000000"], ["3.98000000", "1.26000000"], ["3.98200000", "3.27000000"], ["3.99000000", "19.91000000"], ["4.00000000", "4880.96000000"], ["4.01300000", "12.51000000"], ["4.03300000", "3.09000000"], ["4.04200000", "35.01000000"], ["4.05000000", "8.56000000"], ["4.10000000", "106.21000000"], ["4.11500000", "132.52000000"], ["4.13100000", "1.50000000"], ["4.20000000", "493.21000000"], ["4.28000000", "107.46000000"], ["4.29000000", "135.89000000"], ["4.30000000", "366.40000000"], ["4.34000000", "8.02000000"], ["4.40000000", "228.40000000"], ["4.42000000", "65.71000000"], ["4.44100000", "921.97000000"], ["4.45000000", "17.97000000"], ["4.45500000", "2.27000000"], ["4.46600000", "7.27000000"], ["4.47000000", "16.14000000"], ["4.50000000", "712.83000000"], ["4.51000000", "3.33000000"], ["4.51800000", "5.64000000"], ["4.52100000", "3.40000000"], ["4.52500000", "9.00000000"], ["4.54800000", "33.83000000"], ["4.55000000", "2.23000000"], ["4.58900000", "1.09000000"], ["4.59000000", "1.09000000"], ["4.60000000", "11.27000000"], ["4.61000000", "6.65000000"], ["4.63800000", "4.30000000"], ["4.70000000", "122.57000000"], ["4.71000000", "3.83000000"], ["4.80000000", "7.62000000"], ["4.85500000", "50.58000000"], ["4.88000000", "20.51000000"], ["4.88800000", "19.91000000"], ["4.90000000", "121.83000000"], ["4.92000000", "99.21000000"], ["4.94000000", "39.50000000"], ["4.94400000", "5.00000000"], ["4.96600000", "11.10000000"], ["4.97000000", "18.14000000"], ["4.98000000", "200.42000000"], ["4.99000000", "25.80000000"], ["5.00000000", "3230.72000000"], ["5.05000000", "31.26000000"], ["5.06000000", "35.65000000"], ["5.10000000", "16.77000000"], ["5.10400000", "1.99000000"], ["5.19200000", "6.99000000"], ["5.23600000", "5.73000000"], ["5.25500000", "6.25000000"], ["5.50000000", "118.89000000"], ["5.51800000", "46.55000000"], ["5.55500000", "210.87000000"], ["5.60000000", "7.87000000"], ["5.65000000", "2.50000000"], ["5.69800000", "5.68000000"], ["5.77000000", "10.77000000"], ["5.85000000", "13.00000000"], ["5.90000000", "224.84000000"], ["5.97700000", "3176.59000000"], ["6.00000000", "7860.65000000"], ["6.01000000", "136.95000000"], ["6.12000000", "3.28000000"], ["6.20000000", "0.81000000"], ["6.29000000", "46.26000000"], ["6.30000000", "589.92000000"], ["6.35100000", "11.00000000"], ["6.39800000", "22.69000000"], ["6.40000000", "8.29000000"], ["6.50000000", "28.43000000"], ["6.54000000", "0.85000000"], ["6.59000000", "3.85000000"], ["6.66600000", "281.16000000"], ["6.80000000", "1734.78000000"], ["6.88700000", "19.72000000"], ["6.90000000", "4352.84000000"], ["6.92000000", "39.85000000"], ["6.94400000", "5.00000000"], ["6.97000000", "5.00000000"], ["6.99600000", "0.72000000"], ["6.99900000", "132.93000000"], ["7.00000000", "987.12000000"], ["7.10000000", "29.36000000"], ["7.15000000", "3.46000000"], ["7.25000000", "3.00000000"], ["7.35900000", "62.06000000"], ["7.40000000", "75.95000000"], ["7.50000000", "83.50000000"], ["7.60000000", "191.09000000"], ["8.00000000", "139.45000000"], ["8.50000000", "4.00000000"], ["8.60000000", "2.91000000"], ["9.00000000", "500.90000000"], ["10.00000000", "65.88000000"], ["10.80000000", "4.76000000"], ["11.00000000", "21.21000000"], ["11.40000000", "0.88000000"], ["11.60000000", "0.87000000"], ["11.75000000", "0.86000000"], ["13.50000000", "13.35000000"], ["14.10000000", "2.51000000"]]}
1721749183854663 {"stream":"nexousdt@depth@100ms","data":{"e":"depthUpdate","E":1721749183710,"s":"NEXOUSDT","U":134180600,"u":134180600,"b":[["1.18800000","169.66000000"]],"a":[]}}
1721749183964014 {"stream":"nexousdt@depth@100ms","data":{"e":"depthUpdate","E":1721749184011,"s":"NEXOUSDT","U":134180601,"u":134180601,"b":[],"a":[["1.25300000","17.74000000"]]}}
1721749183994292 {"stream":"nexousdt@bookTicker","data":{"u":134180603,"s":"NEXOUSDT","b":"1.21400000","B":"63.38000000","a":"1.21600000","A":"62.53000000"}}
1721749183994442 {"stream":"nexousdt@trade","data":{"e":"trade","E":1721749184044,"s":"NEXOUSDT","t":12792147,"p":"1.21600000","q":"10.82000000","T":1721749184044,"m":false,"M":true}}
1721749183994507 {"stream":"nexousdt@trade","data":{"e":"trade","E":1721749184044,"s":"NEXOUSDT","t":12792148,"p":"1.21600000","q":"3.85000000","T":1721749184044,"m":false,"M":true}}
1721749184063873 {"stream":"nexousdt@depth@100ms","data":{"e":"depthUpdate","E":1721749184111,"s":"NEXOUSDT","U":134180602,"u":134180603,"b":[],"a":[["1.21600000","62.53000000"],["1.25200000","257.05000000"]]}}
1721749184073428 {"stream":"nexousdt@bookTicker","data":{"u":134180604,"s":"NEXOUSDT","b":"1.21400000","B":"63.38000000","a":"1.21600000","A":"76.32000000"}}
1721749184164286 {"stream":"nexousdt@depth@100ms","data":{"e":"depthUpdate","E":1721749184211,"s":"NEXOUSDT","U":134180604,"u":134180604,"b":[],"a":[["1.21600000","76.32000000"]]}}
1721749186165857 {"stream":"nexousdt@depth@100ms","data":{"e":"depthUpdate","E":1721749186211,"s":"NEXOUSDT","U":134180605,"u":134180605,"b":[["1.18500000","930.23000000"]],"a":[]}}
1721749186264711 {"stream":"nexousdt@depth@100ms","data":{"e":"depthUpdate","E":1721749186311,"s":"NEXOUSDT","U":134180606,"u":134180606,"b":[["1.18500000","95.23000000"]],"a":[]}}
1721749189664138 {"stream":"nexousdt@depth@100ms","data":{"e":"depthUpdate","E":1721749189713,"s":"NEXOUSDT","U":134180607,"u":134180607,"b":[["1.20900000","265.24000000"],["1.20800000","212.14000000"]],"a":[]}}
1721749192365345 {"stream":"nexousdt@depth@100ms","data":{"e":"depthUpdate","E":1721749192414,"s":"NEXOUSDT","U":134180608,"u":134180609,"b":[["1.21000000","211.78000000"],["1.20900000","182.53000000"]],"a":[]}}
1721749193164096 {"stream":"nexousdt@depth@100ms","data":{"e":"depthUpdate","E":1721749193215,"s":"NEXOUSDT","U":134180610,"u":134180610,"b":[["1.20800000","294.92000000"]],"a":[]}}
1721749194994467 {"stream":"nexousdt@bookTicker","data":{"u":134180612,"s":"NEXOUSDT","b":"1.21400000","B":"117.74000000","a":"1.21600000","A":"76.32000000"}}
1721749195074168 {"stream":"nexousdt@depth@100ms","data":{"e":"depthUpdate","E":1721749195116,"s":"NEXOUSDT","U":134180611,"u":134180612,"b":[["1.21400000","117.74000000"],["1.21300000","123.00000000"]],"a":[]}}
1721749195365005 {"stream":"nexousdt@depth@100ms","data":{"e":"depthUpdate","E":1721749195416,"s":"NEXOUSDT","U":134180613,"u":134180613,"b":[["1.21000000","228.30000000"]],"a":[]}}
1721749195914450 {"stream":"nexousdt@bookTicker","data":{"u":134180614,"s":"NEXOUSDT","b":"1.21400000","B":"63.38000000","a":"1.21600000","A":"76.32000000"}}
1721749195964135 {"stream":"nexousdt@depth@100ms","data":{"e":"depthUpdate","E":1721749196016,"s":"NEXOUSDT","U":134180614,"u":134180614,"b":[["1.21400000","63.38000000"]],"a":[]}}
1721749196144229 {"stream":"nexousdt@bookTicker","data":{"u":134180615,"s":"NEXOUSDT","b":"1.21400000","B":"63.38000000","a":"1.21600000","A":"4.29000000"}}
1721749196144385 {"stream":"nexousdt@trade","data":{"e":"trade","E":1721749196187,"s":"NEXOUSDT","t":12792149,"p":"1.21600000","q":"8.17000000","T":1721749196186,"m":false,"M":true}}
1721749196144453 {"stream":"nexousdt@trade","data":{"e":"trade","E":1721749196187,"s":"NEXOUSDT","t":12792150,"p":"1.21600000","q":"54.36000000","T":1721749196186,"m":false,"M":true}}
1721749196144508 {"stream":"nexousdt@trade","data":{"e":"trade","E":1721749196187,"s":"NEXOUSDT","t":12792151,"p":"1.21600000","q":"9.50000000","T":1721749196186,"m":false,"M":true}}
1721749196155815 {"stream":"nexousdt@bookTicker","data":{"u":134180616,"s":"NEXOUSDT","b":"1.21400000","B":"117.74000000","a":"1.21600000","A":"4.29000000"}}
1721749196156022 {"stream":"nexousdt@bookTicker","data":{"u":134180618,"s":"NEXOUSDT","b":"1.21400000","B":"129.75000000","a":"1.21600000","A":"4.29000000"}}
1721749196164025 {"stream":"nexousdt@depth@100ms","data":{"e":"depthUpdate","E":1721749196216,"s":"NEXOUSDT","U":134180615,"u":134180618,"b":[["1.21400000","129.75000000"]],"a":[["1.21600000","4.29000000"],["1.21700000","3859.93000000"]]}}
1721749197264283 {"stream":"nexousdt@depth@100ms","data":{"e":"depthUpdate","E":1721749197316,"s":"NEXOUSDT","U":134180619,"u":134180619,"b":[["1.20900000","265.24000000"],["1.20800000","212.14000000"]],"a":[]}}
1721749199574126 {"stream":"nexousdt@depth@100ms","data":{"e":"depthUpdate","E":1721749199617,"s":"NEXOUSDT","U":134180620,"u":134180620,"b":[["1.20600000","4743.77000000"],["1.20500000","2079.26000000"]],"a":[]}}
1721749199864191 {"stream":"nexousdt@depth@100ms","data":{"e":"depthUpdate","E":1721749199918,"s":"NEXOUSDT","U":134180621,"u":134180621,"b":[["1.20400000","696.18000000"],["1.20300000","268.17000000"]],"a":[]}}
1721749201575773 {"stream":"nexousdt@depth@100ms","data":{"e":"depthUpdate","E":1721749201618,"s":"NEXOUSDT","U":134180622,"u":134180622,"b":[],"a":[["1.21700000","1632.80000000"]]}}
1721749202075497 {"stream":"nexousdt@depth@100ms","data":{"e":"depthUpdate","E":1721749202119,"s":"NEXOUSDT","U":134180623,"u":134180623,"b":[],"a":[["1.27500000","18.26000000"],["1.27700000","11952.29000000"]]}}
1721749202175052 {"stream":"nexousdt@depth@100ms","data":{"e":"depthUpdate","E":1721749202219,"s":"NEXOUSDT","U":134180624,"u":134180624,"b":[],"a":[["1.21800000","1230.71000000"]]}}
1721749202905551 {"stream":"nexousdt@depth@100ms","data":{"e":"depthUpdate","E":1721749202819,"s":"NEXOUSDT","U":134180625,"u":134180625,"b":[["1.20300000","771.89000000"],["1.19700000","2698.48000000"]],"a":[]}}
1721749203273573 {"stream":"nexousdt@depth@100ms","data":{"e":"depthUpdate","E":1721749203319,"s":"NEXOUSDT","U":134180626,"u":134180628,"b":[["1.21000000","211.78000000"],["1.20900000","182.53000000"],["1.20800000","294.92000000"]],"a":[]}}
1721749204773849 {"stream":"nexousdt@depth@100ms","data":{"e":"depthUpdate","E":1721749204820,"s":"NEXOUSDT","U":134180629,"u":134180629,"b":[["1.21000000","228.30000000"]],"a":[]}}
1721749205825872 {"stream":"nexousdt@trade","data":{"e":"trade","E":1721749205865,"s":"NEXOUSDT","t":12792152,"p":"1.21400000","q":"22.23000000","T":1721749205864,"m":true,"M":true}}
1721749205826108 {"stream":"nexousdt@bookTicker","data":{"u":134180631,"s":"NEXOUSDT","b":"1.21400000","B":"47.86000000","a":"1.21600000","A":"4.29000000"}}
1721749205826171 {"stream":"nexousdt@trade","data":{"e":"trade","E":1721749205865,"s":"NEXOUSDT","t":12792153,"p":"1.21400000","q":"41.15000000","T":1721749205864,"m":true,"M":true}}
1721749205826228 {"stream":"nexousdt@trade","data":{"e":"trade","E":1721749205865,"s":"NEXOUSDT","t":12792154,"p":"1.21400000","q":"18.51000000","T":1721749205864,"m":true,"M":true}}
1721749205826284 {"stream":"nexousdt@bookTicker","data":{"u":134180633,"s":"NEXOUSDT","b":"1.21400000","B":"12.01000000","a":"1.21600000","A":"4.29000000"}}
1721749205826333 {"stream":"nexousdt@bookTicker","data":{"u":134180635,"s":"NEXOUSDT","b":"1.21400000","B":"12.01000000","a":"1.21600000","A":"58.65000000"}}
1721749205826381 {"stream":"nexousdt@bookTicker","data":{"u":134180637,"s":"NEXOUSDT","b":"1.21400000","B":"12.01000000","a":"1.21600000","A":"79.22000000"}}
1721749205826429 {"stream":"nexousdt@bookTicker","data":{"u":134180638,"s":"NEXOUSDT","b":"1.21400000","B":"12.01000000","a":"1.21500000","A":"29.88000000"}}
1721749205835239 {"stream":"nexousdt@trade","data":{"e":"trade","E":1721749205884,"s":"NEXOUSDT","t":12792155,"p":"1.21400000","q":"12.01000000","T":1721749205884,"m":true,"M":true}}
1721749205835343 {"stream":"nexousdt@trade","data":{"e":"trade","E":1721749205884,"s":"NEXOUSDT","t":12792156,"p":"1.21300000","q":"12.68000000","T":1721749205884,"m":true,"M":true}}
1721749205835406 {"stream":"nexousdt@bookTicker","data":{"u":134180640,"s":"NEXOUSDT","b":"1.21300000","B":"164.68000000","a":"1.21500000","A":"29.88000000"}}
1721749205835458 {"stream":"nexousdt@bookTicker","data":{"u":134180642,"s":"NEXOUSDT","b":"1.21400000","B":"29.88000000","a":"1.21500000","A":"29.88000000"}}
1721749205875237 {"stream":"nexousdt@depth@100ms","data":{"e":"depthUpdate","E":1721749205920,"s":"NEXOUSDT","U":134180630,"u":134180646,"b":[["1.21400000","29.88000000"],["1.21300000","164.68000000"],["1.21100000","647.95000000"],["1.21000000","1838.41000000"],["1.20900000","199.07000000"],["1.20800000","459.05000000"],["1.20700000","6452.77000000"]],"a":[["1.21500000","29.88000000"],["1.21600000","95.78000000"],["1.21700000","1578.44000000"]]}}
1721749205975549 {"stream":"nexousdt@depth@100ms","data":{"e":"depthUpdate","E":1721749206020,"s":"NEXOUSDT","U":134180647,"u":134180650,"b":[["1.20500000","217.16000000"],["1.20100000","2499.85000000"]],"a":[["1.21600000","102.94000000"],["1.21700000","1571.28000000"]]}}
1721749206074396 {"stream":"nexousdt@depth@100ms","data":{"e":"depthUpdate","E":1721749206121,"s":"NEXOUSDT","U":134180651,"u":134180651,"b":[["1.20100000","637.75000000"]],"a":[]}}
1721749206274117 {"stream":"nexousdt@depth@100ms","data":{"e":"depthUpdate","E":1721749206321,"s":"NEXOUSDT","U":134180652,"u":134180652,"b":[],"a":[["1.22100000","181.19000000"],["1.22300000","1523.21000000"]]}}
1721749206474133 {"stream":"nexousdt@depth@100ms","data":{"e":"depthUpdate","E":1721749206521,"s":"NEXOUSDT","U":134180653,"u":134180653,"b":[["1.20400000","2558.28000000"]],"a":[]}}
1721749206574239 {"stream":"nexousdt@depth@100ms","data":{"e":"depthUpdate","E":1721749206621,"s":"NEXOUSDT","U":134180654,"u":134180654,"b":[["1.20200000","382.85000000"],["1.20000000","5625.85000000"]],"a":[]}}
1721749207373555 {"stream":"nexousdt@depth@100ms","data":{"e":"depthUpdate","E":1721749207421,"s":"NEXOUSDT","U":134180655,"u":134180655,"b":[["1.20700000","3943.38000000"]],"a":[]}}
1721749207474145 {"stream":"nexousdt@depth@100ms","data":{"e":"depthUpdate","E":1721749207521,"s":"NEXOUSDT","U":134180656,"u":134180657,"b":[["1.20700000","3943.38000000"]],"a":[]}}
1721749207574114 {"stream":"nexousdt@depth@100ms","data":{"e":"depthUpdate","E":1721749207621,"s":"NEXOUSDT","U":134180658,"u":134180659,"b":[["1.20700000","3943.38000000"]],"a":[]}}
1721749207673252 {"stream":"nexousdt@depth@100ms","data":{"e":"depthUpdate","E":1721749207721,"s":"NEXOUSDT","U":134180660,"u":134180661,"b":[["1.20700000","3943.38000000"]],"a":[]}}
1721749207773531 {"stream":"nexousdt@depth@100ms","data":{"e":"depthUpdate","E":1721749207821,"s":"NEXOUSDT","U":134180662,"u":134180663,"b":[["1.20700000","3943.38000000"]],"a":[]}}
1721749207874079 {"stream":"nexousdt@depth@100ms","data":{"e":"depthUpdate","E":1721749207921,"s":"NEXOUSDT","U":134180664,"u":134180665,"b":[["1.20700000","3943.38000000"]],"a":[]}}
1721749207975477 {"stream":"nexousdt@depth@100ms","data":{"e":"depthUpdate","E":1721749208021,"s":"NEXOUSDT","U":134180666,"u":134180666,"b":[["1.20700000","6417.01000000"]],"a":[]}}
1721749208274632 {"stream":"nexousdt@depth@100ms","data":{"e":"depthUpdate","E":1721749208322,"s":"NEXOUSDT","U":134180667,"u":134180667,"b":[],"a":[["1.25200000","49.84000000"]]}}
1721749208374252 {"stream":"nexousdt@depth@100ms","data":{"e":"depthUpdate","E":1721749208422,"s":"NEXOUSDT","U":134180668,"u":134180669,"b":[["1.20700000","3943.38000000"]],"a":[["1.25200000","260.24000000"]]}}
1721749208445138 {"stream":"nexousdt@bookTicker","data":{"u":134180673,"s":"NEXOUSDT","b":"1.21300000","B":"112.62000000","a":"1.21500000","A":"29.88000000"}}
1721749208445280 {"stream":"nexousdt@trade","data":{"e":"trade","E":1721749208480,"s":"NEXOUSDT","t":12792157,"p":"1.21400000","q":"29.88000000","T":1721749208480,"m":true,"M":true}}
1721749208445345 {"stream":"nexousdt@trade","data":{"e":"trade","E":1721749208480,"s":"NEXOUSDT","t":12792158,"p":"1.21300000","q":"52.06000000","T":1721749208480,"m":true,"M":true}}
1721749208464393 {"stream":"nexousdt@bookTicker","data":{"u":134180677,"s":"NEXOUSDT","b":"1.21300000","B":"112.62000000","a":"1.21500000","A":"41.89000000"}}
1721749208484392 {"stream":"nexousdt@depth@100ms","data":{"e":"depthUpdate","E":1721749208522,"s":"NEXOUSDT","U":134180670,"u":134180677,"b":[["1.21400000","0.00000000"],["1.21300000","112.62000000"],["1.20900000","182.53000000"],["1.20800000","933.85000000"],["1.20700000","4026.23000000"],["1.20400000","2475.23000000"],["1.20200000","466.04000000"]],"a":[["1.21500000","41.89000000"]]}}
1721749208564126 {"stream":"nexousdt@bookTicker","data":{"u":134180683,"s":"NEXOUSDT","b":"1.21300000","B":"112.62000000","a":"1.21500000","A":"62.46000000"}}
1721749208583520 {"stream":"nexousdt@depth@100ms","data":{"e":"depthUpdate","E":1721749208622,"s":"NEXOUSDT","U":134180678,"u":134180684,"b":[["1.20800000","376.27000000"],["1.20700000","4197.52000000"],["1.20400000","613.13000000"],["1.20100000","2499.85000000"]],"a":[["1.21500000","62.46000000"],["1.21600000","1737.24000000"],["1.21700000","214.13000000"]]}}
1721749208674423 {"stream":"nexousdt@depth@100ms","data":{"e":"depthUpdate","E":1721749208722,"s":"NEXOUSDT","U":134180685,"u":134180687,"b":[],"a":[["1.21600000","1732.95000000"],["1.21700000","387.77000000"]]}}
1721749208774056 {"stream":"nexousdt@depth@100ms","data":{"e":"depthUpdate","E":1721749208822,"s":"NEXOUSDT","U":134180688,"u":134180689,"b":[],"a":[["1.21600000","1937.53000000"],["1.21700000","183.19000000"]]}}
1721749209084704 {"stream":"nexousdt@depth@100ms","data":{"e":"depthUpdate","E":1721749209122,"s":"NEXOUSDT","U":134180690,"u":134180690,"b":[["1.19200000","432.14000000"]],"a":[]}}
1721749209873479 {"stream":"nexousdt@depth@100ms","data":{"e":"depthUpdate","E":1721749209922,"s":"NEXOUSDT","U":134180691,"u":134180692,"b":[["1.21000000","2002.54000000"],["1.20800000","212.14000000"]],"a":[]}}
1721749209973412 {"stream":"nexousdt@depth@100ms","data":{"e":"depthUpdate","E":1721749210022,"s":"NEXOUSDT","U":134180693,"u":134180693,"b":[["1.20600000","4660.86000000"]],"a":[]}}
1721749210034180 {"stream":"nexousdt@bookTicker","data":{"u":134180694,"s":"NEXOUSDT","b":"1.21300000","B":"58.26000000","a":"1.21500000","A":"62.46000000"}}
1721749210034355 {"stream":"nexousdt@bookTicker","data":{"u":134180696,"s":"NEXOUSDT","b":"1.21300000","B":"58.26000000","a":"1.21500000","A":"131.24000000"}}
1721749210073559 {"stream":"nexousdt@depth@100ms","data":{"e":"depthUpdate","E":1721749210123,"s":"NEXOUSDT","U":134180694,"u":134180696,"b":[["1.21300000","58.26000000"],["1.21200000","502.32000000"]],"a":[["1.21500000","131.24000000"]]}}
1721749212184003 {"stream":"nexousdt@depth@100ms","data":{"e":"depthUpdate","E":1721749212223,"s":"NEXOUSDT","U":134180697,"u":134180697,"b":[["1.20300000","268.17000000"],["1.19800000","999.44000000"]],"a":[]}}
1721749212474223 {"stream":"nexousdt@depth@100ms","data":{"e":"depthUpdate","E":1721749212523,"s":"NEXOUSDT","U":134180698,"u":134180698,"b":[["1.20800000","228.69000000"]],"a":[]}}
1721749212874270 {"stream":"nexousdt@depth@100ms","data":{"e":"depthUpdate","E":1721749212924,"s":"NEXOUSDT","U":134180699,"u":134180704,"b":[["1.20800000","212.14000000"],["1.20700000","3943.38000000"],["1.20200000","382.85000000"],["1.18600000","199.87000000"],["1.18500000","305.84000000"]],"a":[]}}
1721749212973580 {"stream":"nexousdt@depth@100ms","data":{"e":"depthUpdate","E":1721749213024,"s":"NEXOUSDT","U":134180705,"u":134180707,"b":[["1.21200000","337.58000000"],["1.20700000","535.05000000"],["1.18500000","95.23000000"]],"a":[]}}
1721749213074443 {"stream":"nexousdt@depth@100ms","data":{"e":"depthUpdate","E":1721749213124,"s":"NEXOUSDT","U":134180708,"u":134180708,"b":[["1.18500000","307.16000000"]],"a":[]}}
1721749214083794 {"stream":"nexousdt@depth@100ms","data":{"e":"depthUpdate","E":1721749214124,"s":"NEXOUSDT","U":134180709,"u":134180709,"b":[],"a":[["1.22000000","1388.59000000"],["1.22300000","308.27000000"]]}}
1721749214274876 {"stream":"nexousdt@depth@100ms","data":{"e":"depthUpdate","E":1721749214324,"s":"NEXOUSDT","U":134180710,"u":134180711,"b":[["1.20800000","228.69000000"],["1.20700000","617.90000000"]],"a":[]}}
1721749214384078 {"stream":"nexousdt@depth@100ms","data":{"e":"depthUpdate","E":1721749214424,"s":"NEXOUSDT","U":134180712,"u":134180712,"b":[["1.20200000","211.69000000"],["1.19900000","344.78000000"]],"a":[]}}
1721749214573650 {"stream":"nexousdt@depth@100ms","data":{"e":"depthUpdate","E":1721749214624,"s":"NEXOUSDT","U":134180713,"u":134180713,"b":[["1.20400000","696.18000000"]],"a":[]}}
1721749214674998 {"stream":"nexousdt@depth@100ms","data":{"e":"depthUpdate","E":1721749214725,"s":"NEXOUSDT","U":134180714,"u":134180714,"b":[["1.20200000","294.88000000"]],"a":[]}}
1721749215674104 {"stream":"nexousdt@depth@100ms","data":{"e":"depthUpdate","E":1721749215725,"s":"NEXOUSDT","U":134180715,"u":134180715,"b":[["1.20700000","2400.87000000"]],"a":[]}}
1721749216375242 {"stream":"nexousdt@depth@100ms","data":{"e":"depthUpdate","E":1721749216425,"s":"NEXOUSDT","U":134180716,"u":134180716,"b":[],"a":[["1.22000000","173.65000000"],["1.22200000","1667.68000000"]]}}
1721749216573799 {"stream":"nexousdt@depth@100ms","data":{"e":"depthUpdate","E":1721749216625,"s":"NEXOUSDT","U":134180717,"u":134180717,"b":[["1.20100000","2671.16000000"],["1.19900000","173.19000000"]],"a":[]}}
1721749221764640 {"stream":"nexousdt@bookTicker","data":{"u":134180719,"s":"NEXOUSDT","b":"1.21300000","B":"112.62000000","a":"1.21500000","A":"131.24000000"}}
1721749221773619 {"stream":"nexousdt@depth@100ms","data":{"e":"depthUpdate","E":1721749221828,"s":"NEXOUSDT","U":134180718,"u":134180719,"b":[["1.21300000","112.62000000"],["1.21200000","283.22000000"]],"a":[]}}
1721749221854200 {"stream":"nexousdt@bookTicker","data":{"u":134180720,"s":"NEXOUSDT","b":"1.21300000","B":"112.62000000","a":"1.21500000","A":"140.28000000"}}
1721749221873739 {"stream":"nexousdt@depth@100ms","data":{"e":"depthUpdate","E":1721749221928,"s":"NEXOUSDT","U":134180720,"u":134180721,"b":[],"a":[["1.21500000","140.28000000"],["1.21700000","174.15000000"]]}}
1721749224694027 {"stream":"nexousdt@bookTicker","data":{"u":134180722,"s":"NEXOUSDT","b":"1.21300000","B":"58.26000000","a":"1.21500000","A":"140.28000000"}}
1721749224784428 {"stream":"nexousdt@depth@100ms","data":{"e":"depthUpdate","E":1721749224829,"s":"NEXOUSDT","U":134180722,"u":134180722,"b":[["1.21300000","58.26000000"]],"a":[]}}
1721749225664441 {"stream":"nexousdt@bookTicker","data":{"u":134180723,"s":"NEXOUSDT","b":"1.21300000","B":"112.62000000","a":"1.21500000","A":"140.28000000"}}
1721749225684261 {"stream":"nexousdt@depth@100ms","data":{"e":"depthUpdate","E":1721749225730,"s":"NEXOUSDT","U":134180723,"u":134180723,"b":[["1.21300000","112.62000000"]],"a":[]}}
1721749229694095 {"stream":"nexousdt@depth@100ms","data":{"e":"depthUpdate","E":1721749229731,"s":"NEXOUSDT","U":134180724,"u":134180724,"b":[["1.20500000","300.14000000"],["1.20400000","613.13000000"]],"a":[]}}
1721749230084164 {"stream":"nexousdt@depth@100ms","data":{"e":"depthUpdate","E":1721749230132,"s":"NEXOUSDT","U":134180725,"u":134180725,"b":[],"a":[["1.25200000","49.84000000"]]}}
1721749230183873 {"stream":"nexousdt@depth@100ms","data":{"e":"depthUpdate","E":1721749230232,"s":"NEXOUSDT","U":134180726,"u":134180726,"b":[],"a":[["1.25200000","261.08000000"]]}}
1721749231884250 {"stream":"nexousdt@depth@100ms","data":{"e":"depthUpdate","E":1721749231933,"s":"NEXOUSDT","U":134180727,"u":134180727,"b":[["1.19800000","344.31000000"],["1.19700000","3237.56000000"]],"a":[]}}
1721749235884356 {"stream":"nexousdt@depth@100ms","data":{"e":"depthUpdate","E":1721749235934,"s":"NEXOUSDT","U":134180728,"u":134180728,"b":[],"a":[["1.25200000","49.84000000"]]}}
1721749235984410 {"stream":"nexousdt@depth@100ms","data":{"e":"depthUpdate","E":1721749236035,"s":"NEXOUSDT","U":134180729,"u":134180729,"b":[],"a":[["1.25200000","262.39000000"]]}}
1721749236094404 {"stream":"nexousdt@depth@100ms","data":{"e":"depthUpdate","E":1721749236136,"s":"NEXOUSDT","U":134180730,"u":134180731,"b":[["1.20700000","617.90000000"]],"a":[["1.25200000","49.84000000"]]}}
1721749236184348 {"stream":"nexousdt@depth@100ms","data":{"e":"depthUpdate","E":1721749236235,"s":"NEXOUSDT","U":134180732,"u":134180732,"b":[["1.20800000","1387.45000000"]],"a":[]}}
1721749236684112 {"stream":"nexousdt@depth@100ms","data":{"e":"depthUpdate","E":1721749236735,"s":"NEXOUSDT","U":134180733,"u":134180733,"b":[["1.21200000","561.63000000"]],"a":[]}}
1721749236704546 {"stream":"nexousdt@bookTicker","data":{"u":134180735,"s":"NEXOUSDT","b":"1.21300000","B":"112.62000000","a":"1.21500000","A":"131.24000000"}}
1721749236784449 {"stream":"nexousdt@depth@100ms","data":{"e":"depthUpdate","E":1721749236835,"s":"NEXOUSDT","U":134180734,"u":134180735,"b":[],"a":[["1.21500000","131.24000000"],["1.21700000","183.19000000"]]}}
1721749236984376 {"stream":"nexousdt@depth@100ms","data":{"e":"depthUpdate","E":1721749237035,"s":"NEXOUSDT","U":134180736,"u":134180736,"b":[["1.20800000","228.69000000"]],"a":[]}}
1721749237084163 {"stream":"nexousdt@depth@100ms","data":{"e":"depthUpdate","E":1721749237135,"s":"NEXOUSDT","U":134180737,"u":134180737,"b":[["1.21200000","283.22000000"]],"a":[]}}
1721749237384009 {"stream":"nexousdt@depth@100ms","data":{"e":"depthUpdate","E":1721749237435,"s":"NEXOUSDT","U":134180738,"u":134180738,"b":[["1.21200000","561.63000000"]],"a":[]}}
1721749237484006 {"stream":"nexousdt@depth@100ms","data":{"e":"depthUpdate","E":1721749237535,"s":"NEXOUSDT","U":134180739,"u":134180739,"b":[["1.20700000","2682.92000000"]],"a":[]}}
1721749239584684 {"stream":"nexousdt@depth@100ms","data":{"e":"depthUpdate","E":1721749239636,"s":"NEXOUSDT","U":134180740,"u":134180741,"b":[],"a":[["1.21600000","303.23000000"],["1.21700000","1603.28000000"]]}}
1721749239684496 {"stream":"nexousdt@depth@100ms","data":{"e":"depthUpdate","E":1721749239736,"s":"NEXOUSDT","U":134180742,"u":134180743,"b":[],"a":[["1.21600000","312.27000000"],["1.21700000","1594.24000000"]]}}
1721749239986232 {"stream":"nexousdt@depth@100ms","data":{"e":"depthUpdate","E":1721749240036,"s":"NEXOUSDT","U":134180744,"u":134180744,"b":[],"a":[["1.25200000","259.39000000"]]}}
1721749242734255 {"stream":"nexousdt@bookTicker","data":{"u":134180745,"s":"NEXOUSDT","b":"1.21300000","B":"101.19000000","a":"1.21500000","A":"131.24000000"}}
1721749242734488 {"stream":"nexousdt@trade","data":{"e":"trade","E":1721749242771,"s":"NEXOUSDT","t":12792159,"p":"1.21300000","q":"7.85000000","T":1721749242770,"m":true,"M":true}}
1721749242734557 {"stream":"nexousdt@trade","data":{"e":"trade","E":1721749242771,"s":"NEXOUSDT","t":12792160,"p":"1.21300000","q":"3.58000000","T":1721749242770,"m":true,"M":true}}
1721749242794461 {"stream":"nexousdt@depth@100ms","data":{"e":"depthUpdate","E":1721749242837,"s":"NEXOUSDT","U":134180745,"u":134180745,"b":[["1.21300000","101.19000000"]],"a":[]}}
1721749244184821 {"stream":"nexousdt@depth@100ms","data":{"e":"depthUpdate","E":1721749244238,"s":"NEXOUSDT","U":134180746,"u":134180746,"b":[["1.20900000","199.07000000"],["1.20800000","212.14000000"]],"a":[]}}
1721749245494157 {"stream":"nexousdt@depth@100ms","data":{"e":"depthUpdate","E":1721749245538,"s":"NEXOUSDT","U":134180747,"u":134180747,"b":[["1.20800000","294.92000000"],["1.20700000","2600.07000000"]],"a":[]}}
1721749245984519 {"stream":"nexousdt@depth@100ms","data":{"e":"depthUpdate","E":1721749246039,"s":"NEXOUSDT","U":134180748,"u":134180749,"b":[],"a":[["1.25200000","261.34000000"]]}}
1721749246293949 {"stream":"nexousdt@depth@100ms","data":{"e":"depthUpdate","E":1721749246339,"s":"NEXOUSDT","U":134180750,"u":134180750,"b":[["1.18300000","842.21000000"]],"a":[]}}
1721749249194643 {"stream":"nexousdt@depth@100ms","data":{"e":"depthUpdate","E":1721749249240,"s":"NEXOUSDT","U":134180751,"u":134180751,"b":[],"a":[["1.22200000","1633.87000000"]]}}
1721749249293704 {"stream":"nexousdt@depth@100ms","data":{"e":"depthUpdate","E":1721749249340,"s":"NEXOUSDT","U":134180752,"u":134180752,"b":[],"a":[["1.22400000","197.67000000"]]}}
1721749255993906 {"stream":"nexousdt@depth@100ms","data":{"e":"depthUpdate","E":1721749256043,"s":"NEXOUSDT","U":134180753,"u":134180754,"b":[],"a":[["1.21600000","1834.19000000"],["1.21700000","174.15000000"]]}}
1721749256493320 {"stream":"nexousdt@depth@100ms","data":{"e":"depthUpdate","E":1721749256543,"s":"NEXOUSDT","U":134180755,"u":134180755,"b":[["1.21200000","710.14000000"]],"a":[]}}
1721749256515092 {"stream":"nexousdt@bookTicker","data":{"u":134180756,"s":"NEXOUSDT","b":"1.21300000","B":"238.02000000","a":"1.21500000","A":"131.24000000"}}
1721749256515210 {"stream":"nexousdt@bookTicker","data":{"u":134180757,"s":"NEXOUSDT","b":"1.21400000","B":"29.88000000","a":"1.21500000","A":"131.24000000"}}
1721749256593469 {"stream":"nexousdt@depth@100ms","data":{"e":"depthUpdate","E":1721749256643,"s":"NEXOUSDT","U":134180756,"u":134180760,"b":[["1.21400000","29.88000000"],["1.21300000","238.02000000"],["1.21200000","591.86000000"]],"a":[["1.21600000","312.27000000"],["1.21700000","1533.06000000"]]}}
1721749256614745 {"stream":"nexousdt@bookTicker","data":{"u":134180764,"s":"NEXOUSDT","b":"1.21400000","B":"29.88000000","a":"1.21500000","A":"119.23000000"}}
1721749256623752 {"stream":"nexousdt@bookTicker","data":{"u":134180765,"s":"NEXOUSDT","b":"1.21400000","B":"29.88000000","a":"1.21500000","A":"50.45000000"}}
1721749256694047 {"stream":"nexousdt@depth@100ms","data":{"e":"depthUpdate","E":1721749256743,"s":"NEXOUSDT","U":134180761,"u":134180765,"b":[["1.21200000","756.60000000"]],"a":[["1.21500000","50.45000000"],["1.21600000","107.69000000"],["1.21700000","1737.64000000"]]}}
1721749256994233 {"stream":"nexousdt@depth@100ms","data":{"e":"depthUpdate","E":1721749257044,"s":"NEXOUSDT","U":134180766,"u":134180767,"b":[["1.21300000","402.96000000"],["1.21200000","591.66000000"]],"a":[]}}
1721749257094108 {"stream":"nexousdt@depth@100ms","data":{"e":"depthUpdate","E":1721749257144,"s":"NEXOUSDT","U":134180768,"u":134180769,"b":[["1.21100000","812.08000000"],["1.21000000","1838.41000000"]],"a":[]}}
1721749257694615 {"stream":"nexousdt@depth@100ms","data":{"e":"depthUpdate","E":1721749257744,"s":"NEXOUSDT","U":134180770,"u":134180770,"b":[["1.21200000","443.15000000"]],"a":[]}}
1721749257894062 {"stream":"nexousdt@depth@100ms","data":{"e":"depthUpdate","E":1721749257944,"s":"NEXOUSDT","U":134180771,"u":134180772,"b":[["1.21300000","238.02000000"],["1.21200000","608.09000000"]],"a":[]}}
1721749260893662 {"stream":"nexousdt@depth@100ms","data":{"e":"depthUpdate","E":1721749260946,"s":"NEXOUSDT","U":134180773,"u":134180773,"b":[["1.20300000","351.29000000"],["1.20200000","211.69000000"]],"a":[]}}
1721749262693837 {"stream":"nexousdt@depth@100ms","data":{"e":"depthUpdate","E":1721749262746,"s":"NEXOUSDT","U":134180774,"u":134180775,"b":[],"a":[["1.21600000","113.31000000"]]}}
1721749266743905 {"stream":"nexousdt@bookTicker","data":{"u":134180776,"s":"NEXOUSDT","b":"1.21400000","B":"29.88000000","a":"1.21600000","A":"50.45000000"}}
1721749266753785 {"stream":"nexousdt@trade","data":{"e":"trade","E":1721749266799,"s":"NEXOUSDT","t":12792161,"p":"1.21500000","q":"29.88000000","T":1721749266798,"m":false,"M":true}}
1721749266753885 {"stream":"nexousdt@trade","data":{"e":"trade","E":1721749266799,"s":"NEXOUSDT","t":12792162,"p":"1.21500000","q":"20.57000000","T":1721749266798,"m":false,"M":true}}
1721749266753922 {"stream":"nexousdt@trade","data":{"e":"trade","E":1721749266799,"s":"NEXOUSDT","t":12792163,"p":"1.21600000","q":"20.57000000","T":1721749266798,"m":false,"M":true}}
1721749266753953 {"stream":"nexousdt@trade","data":{"e":"trade","E":1721749266799,"s":"NEXOUSDT","t":12792164,"p":"1.21600000","q":"16.56000000","T":1721749266798,"m":false,"M":true}}
1721749266753984 {"stream":"nexousdt@trade","data":{"e":"trade","E":1721749266799,"s":"NEXOUSDT","t":12792165,"p":"1.21600000","q":"7.16000000","T":1721749266798,"m":false,"M":true}}
1721749266754012 {"stream":"nexousdt@trade","data":{"e":"trade","E":1721749266799,"s":"NEXOUSDT","t":12792166,"p":"1.21600000","q":"9.04000000","T":1721749266798,"m":false,"M":true}}
1721749266754042 {"stream":"nexousdt@trade","data":{"e":"trade","E":1721749266799,"s":"NEXOUSDT","t":12792167,"p":"1.21600000","q":"9.53000000","T":1721749266798,"m":false,"M":true}}
1721749266754072 {"stream":"nexousdt@bookTicker","data":{"u":134180778,"s":"NEXOUSDT","b":"1.21400000","B":"29.88000000","a":"1.21600000","A":"62.46000000"}}
1721749266795009 {"stream":"nexousdt@trade","data":{"e":"trade","E":1721749266837,"s":"NEXOUSDT","t":12792168,"p":"1.21600000","q":"50.45000000","T":1721749266836,"m":false,"M":true}}
1721749266795098 {"stream":"nexousdt@trade","data":{"e":"trade","E":1721749266837,"s":"NEXOUSDT","t":12792169,"p":"1.21600000","q":"12.01000000","T":1721749266836,"m":false,"M":true}}
1721749266795129 {"stream":"nexousdt@trade","data":{"e":"trade","E":1721749266837,"s":"NEXOUSDT","t":12792170,"p":"1.21700000","q":"9.55000000","T":1721749266836,"m":false,"M":true}}
1721749266795155 {"stream":"nexousdt@trade","data":{"e":"trade","E":1721749266837,"s":"NEXOUSDT","t":12792171,"p":"1.21700000","q":"86.02000000","T":1721749266836,"m":false,"M":true}}
1721749266795181 {"stream":"nexousdt@bookTicker","data":{"u":134180781,"s":"NEXOUSDT","b":"1.21400000","B":"29.88000000","a":"1.21700000","A":"1696.43000000"}}
1721749266795205 {"stream":"nexousdt@bookTicker","data":{"u":134180782,"s":"NEXOUSDT","b":"1.21400000","B":"111.67000000","a":"1.21700000","A":"1696.43000000"}}
1721749266795230 {"stream":"nexousdt@bookTicker","data":{"u":134180783,"s":"NEXOUSDT","b":"1.21400000","B":"111.67000000","a":"1.21600000","A":"19.16000000"}}
1721749266795253 {"stream":"nexousdt@depth@100ms","data":{"e":"depthUpdate","E":1721749266848,"s":"NEXOUSDT","U":134180776,"u":134180784,"b":[["1.21400000","111.67000000"],["1.21100000","2250.10000000"],["1.21000000","211.78000000"]],"a":[["1.21500000","0.00000000"],["1.21600000","19.16000000"],["1.21700000","1617.85000000"]]}}
1721749266804360 {"stream":"nexousdt@bookTicker","data":{"u":134180785,"s":"NEXOUSDT","b":"1.21400000","B":"111.67000000","a":"1.21600000","A":"28.21000000"}}
1721749266853912 {"stream":"nexousdt@bookTicker","data":{"u":134180786,"s":"NEXOUSDT","b":"1.21400000","B":"123.67000000","a":"1.21600000","A":"28.21000000"}}
1721749266894138 {"stream":"nexousdt@depth@100ms","data":{"e":"depthUpdate","E":1721749266948,"s":"NEXOUSDT","U":134180785,"u":134180786,"b":[["1.21400000","123.67000000"]],"a":[["1.21600000","28.21000000"]]}}
1721749268104125 {"stream":"nexousdt@depth@100ms","data":{"e":"depthUpdate","E":1721749268149,"s":"NEXOUSDT","U":134180787,"u":134180788,"b":[["1.21000000","228.30000000"],["1.20900000","182.53000000"],["1.20600000","4743.77000000"],["1.20500000","217.16000000"]],"a":[]}}
1721749269404522 {"stream":"nexousdt@depth@100ms","data":{"e":"depthUpdate","E":1721749269449,"s":"NEXOUSDT","U":134180789,"u":134180789,"b":[["1.21000000","211.78000000"]],"a":[]}}
1721749269503754 {"stream":"nexousdt@depth@100ms","data":{"e":"depthUpdate","E":1721749269550,"s":"NEXOUSDT","U":134180790,"u":134180794,"b":[["1.20800000","212.14000000"],["1.20600000","4660.86000000"],["1.20300000","268.17000000"],["1.18700000","427.24000000"],["1.18500000","95.23000000"]],"a":[]}}
1721749269704291 {"stream":"nexousdt@depth@100ms","data":{"e":"depthUpdate","E":1721749269749,"s":"NEXOUSDT","U":134180795,"u":134180795,"b":[],"a":[["1.21800000","204.34000000"]]}}
1721749270503589 {"stream":"nexousdt@depth@100ms","data":{"e":"depthUpdate","E":1721749270550,"s":"NEXOUSDT","U":134180796,"u":134180796,"b":[["1.20300000","975.53000000"],["1.19700000","2698.48000000"]],"a":[]}}
1721749271304117 {"stream":"nexousdt@depth@100ms","data":{"e":"depthUpdate","E":1721749271350,"s":"NEXOUSDT","U":134180797,"u":134180797,"b":[["1.20800000","294.92000000"]],"a":[]}}
1721749272004147 {"stream":"nexousdt@depth@100ms","data":{"e":"depthUpdate","E":1721749272050,"s":"NEXOUSDT","U":134180798,"u":134180798,"b":[["1.20500000","300.14000000"]],"a":[]}}
1721749272104256 {"stream":"nexousdt@depth@100ms","data":{"e":"depthUpdate","E":1721749272150,"s":"NEXOUSDT","U":134180799,"u":134180800,"b":[["1.21300000","247.58000000"],["1.20300000","1058.65000000"]],"a":[]}}
1721749272504153 {"stream":"nexousdt@depth@100ms","data":{"e":"depthUpdate","E":1721749272551,"s":"NEXOUSDT","U":134180801,"u":134180801,"b":[],"a":[["1.21800000","591.45000000"]]}}
1721749274105518 {"stream":"nexousdt@bookTicker","data":{"u":134180802,"s":"NEXOUSDT","b":"1.21400000","B":"123.67000000","a":"1.21700000","A":"1617.85000000"}}
1721749274105749 {"stream":"nexousdt@trade","data":{"e":"trade","E":1721749274142,"s":"NEXOUSDT","t":12792172,"p":"1.21600000","q":"19.16000000","T":1721749274141,"m":false,"M":true}}
1721749274105829 {"stream":"nexousdt@trade","data":{"e":"trade","E":1721749274142,"s":"NEXOUSDT","t":12792173,"p":"1.21600000","q":"9.05000000","T":1721749274141,"m":false,"M":true}}
1721749274105892 {"stream":"nexousdt@bookTicker","data":{"u":134180803,"s":"NEXOUSDT","b":"1.21400000","B":"111.67000000","a":"1.21700000","A":"1617.85000000"}}
1721749274105943 {"stream":"nexousdt@depth@100ms","data":{"e":"depthUpdate","E":1721749274151,"s":"NEXOUSDT","U":134180802,"u":134180803,"b":[["1.21400000","111.67000000"]],"a":[["1.21600000","0.00000000"]]}}
1721749274106009 {"stream":"nexousdt@bookTicker","data":{"u":134180805,"s":"NEXOUSDT","b":"1.21400000","B":"111.67000000","a":"1.21700000","A":"258.94000000"}}
1721749274113846 {"stream":"nexousdt@bookTicker","data":{"u":134180806,"s":"NEXOUSDT","b":"1.21500000","B":"41.15000000","a":"1.21700000","A":"258.94000000"}}
1721749274193998 {"stream":"nexousdt@bookTicker","data":{"u":134180810,"s":"NEXOUSDT","b":"1.21500000","B":"41.15000000","a":"1.21700000","A":"180.59000000"}}
1721749274194149 {"stream":"nexousdt@trade","data":{"e":"trade","E":1721749274247,"s":"NEXOUSDT","t":12792174,"p":"1.21700000","q":"78.35000000","T":1721749274247,"m":false,"M":true}}
1721749274194216 {"stream":"nexousdt@bookTicker","data":{"u":134180813,"s":"NEXOUSDT","b":"1.21500000","B":"95.51000000","a":"1.21700000","A":"180.59000000"}}
1721749274204321 {"stream":"nexousdt@bookTicker","data":{"u":134180816,"s":"NEXOUSDT","b":"1.21500000","B":"107.52000000","a":"1.21700000","A":"180.59000000"}}
1721749274204513 {"stream":"nexousdt@depth@100ms","data":{"e":"depthUpdate","E":1721749274251,"s":"NEXOUSDT","U":134180804,"u":134180816,"b":[["1.21500000","107.52000000"],["1.21300000","686.90000000"],["1.21100000","1920.52000000"],["1.20700000","4462.17000000"],["1.20100000","809.06000000"]],"a":[["1.21700000","180.59000000"],["1.21800000","2142.93000000"],["1.21900000","5051.17000000"],["1.22100000","292.80000000"]]}}
1721749274213967 {"stream":"nexousdt@bookTicker","data":{"u":134180821,"s":"NEXOUSDT","b":"1.21500000","B":"107.52000000","a":"1.21700000","A":"54.36000000"}}
1721749274225226 {"stream":"nexousdt@bookTicker","data":{"u":134180824,"s":"NEXOUSDT","b":"1.21600000","B":"29.88000000","a":"1.21700000","A":"54.36000000"}}
1721749274225347 {"stream":"nexousdt@bookTicker","data":{"u":134180825,"s":"NEXOUSDT","b":"1.21600000","B":"29.88000000","a":"1.21800000","A":"2142.93000000"}}
1721749274225405 {"stream":"nexousdt@bookTicker","data":{"u":134180826,"s":"NEXOUSDT","b":"1.21600000","B":"29.88000000","a":"1.21800000","A":"2347.51000000"}}
1721749274225456 {"stream":"nexousdt@bookTicker","data":{"u":134180827,"s":"NEXOUSDT","b":"1.21600000","B":"29.88000000","a":"1.21800000","A":"2401.87000000"}}
1721749274225506 {"stream":"nexousdt@bookTicker","data":{"u":134180828,"s":"NEXOUSDT","b":"1.21600000","B":"29.88000000","a":"1.21700000","A":"16.50000000"}}
1721749274304207 {"stream":"nexousdt@depth@100ms","data":{"e":"depthUpdate","E":1721749274352,"s":"NEXOUSDT","U":134180817,"u":134180830,"b":[["1.21600000","29.88000000"],["1.21400000","392.26000000"],["1.21300000","550.07000000"],["1.21200000","2039.95000000"],["1.21100000","482.50000000"]],"a":[["1.21700000","16.50000000"],["1.21800000","2237.13000000"]]}}
1721749274404125 {"stream":"nexousdt@depth@100ms","data":{"e":"depthUpdate","E":1721749274452,"s":"NEXOUSDT","U":134180831,"u":134180837,"b":[["1.21400000","557.20000000"],["1.21200000","1875.01000000"],["1.21000000","231.01000000"],["1.20900000","162.93000000"]],"a":[["1.21800000","666.05000000"],["1.21900000","5070.72000000"]]}}
1721749274604078 {"stream":"nexousdt@depth@100ms","data":{"e":"depthUpdate","E":1721749274652,"s":"NEXOUSDT","U":134180838,"u":134180839,"b":[["1.21300000","628.42000000"],["1.21200000","1796.66000000"]],"a":[]}}
1721749274714147 {"stream":"nexousdt@depth@100ms","data":{"e":"depthUpdate","E":1721749274752,"s":"NEXOUSDT","U":134180840,"u":134180842,"b":[["1.21300000","792.55000000"],["1.21100000","318.37000000"]],"a":[["1.21900000","6610.33000000"]]}}
1721749274904108 {"stream":"nexousdt@depth@100ms","data":{"e":"depthUpdate","E":1721749274952,"s":"NEXOUSDT","U":134180843,"u":134180844,"b":[["1.20600000","4737.99000000"],["1.20400000","535.56000000"]],"a":[]}}
1721749275004108 {"stream":"nexousdt@depth@100ms","data":{"e":"depthUpdate","E":1721749275052,"s":"NEXOUSDT","U":134180845,"u":134180848,"b":[["1.15400000","9568.93000000"],["1.15200000","72.65000000"]],"a":[["1.33500000","386.66000000"],["1.33800000","10674.87000000"]]}}
1721749275103999 {"stream":"nexousdt@depth@100ms","data":{"e":"depthUpdate","E":1721749275152,"s":"NEXOUSDT","U":134180849,"u":134180852,"b":[["1.20900000","4652.35000000"],["1.20600000","254.78000000"]],"a":[["1.21900000","1748.46000000"],["1.22200000","5964.48000000"]]}}
1721749275203906 {"stream":"nexousdt@depth@100ms","data":{"e":"depthUpdate","E":1721749275252,"s":"NEXOUSDT","U":134180853,"u":134180855,"b":[["1.21500000","95.51000000"]],"a":[["1.21800000","461.47000000"],["1.21900000","1953.04000000"]]}}
1721749275303991 {"stream":"nexousdt@depth@100ms","data":{"e":"depthUpdate","E":1721749275352,"s":"NEXOUSDT","U":134180856,"u":134180856,"b":[["1.20700000","2397.15000000"]],"a":[]}}
1721749275404424 {"stream":"nexousdt@depth@100ms","data":{"e":"depthUpdate","E":1721749275452,"s":"NEXOUSDT","U":134180857,"u":134180858,"b":[["1.20700000","535.05000000"],["1.20400000","2397.66000000"]],"a":[]}}
1721749275704091 {"stream":"nexousdt@depth@100ms","data":{"e":"depthUpdate","E":1721749275752,"s":"NEXOUSDT","U":134180859,"u":134180859,"b":[["1.21000000","1527.33000000"]],"a":[]}}
1721749275864158 {"stream":"nexousdt@bookTicker","data":{"u":134180860,"s":"NEXOUSDT","b":"1.21600000","B":"29.88000000","a":"1.21700000","A":"7.31000000"}}
1721749275864400 {"stream":"nexousdt@trade","data":{"e":"trade","E":1721749275903,"s":"NEXOUSDT","t":12792175,"p":"1.21700000","q":"9.19000000","T":1721749275903,"m":false,"M":true}}
1721749275904023 {"stream":"nexousdt@depth@100ms","data":{"e":"depthUpdate","E":1721749275952,"s":"NEXOUSDT","U":134180860,"u":134180860,"b":[],"a":[["1.21700000","7.31000000"]]}}
1721749276204444 {"stream":"nexousdt@depth@100ms","data":{"e":"depthUpdate","E":1721749276252,"s":"NEXOUSDT","U":134180861,"u":134180862,"b":[["1.21300000","714.20000000"],["1.21200000","1875.01000000"]],"a":[]}}
1721749276364533 {"stream":"nexousdt@bookTicker","data":{"u":134180863,"s":"NEXOUSDT","b":"1.21600000","B":"29.88000000","a":"1.21800000","A":"461.47000000"}}
1721749276373597 {"stream":"nexousdt@bookTicker","data":{"u":134180864,"s":"NEXOUSDT","b":"1.21600000","B":"41.88000000","a":"1.21800000","A":"461.47000000"}}
1721749276404110 {"stream":"nexousdt@depth@100ms","data":{"e":"depthUpdate","E":1721749276452,"s":"NEXOUSDT","U":134180863,"u":134180865,"b":[["1.21600000","41.88000000"],["1.21500000","177.30000000"]],"a":[["1.21700000","0.00000000"]]}}
1721749276504174 {"stream":"nexousdt@depth@100ms","data":{"e":"depthUpdate","E":1721749276552,"s":"NEXOUSDT","U":134180866,"u":134180867,"b":[["1.21300000","2240.73000000"],["1.21200000","521.50000000"]],"a":[]}}
1721749276904044 {"stream":"nexousdt@depth@100ms","data":{"e":"depthUpdate","E":1721749276953,"s":"NEXOUSDT","U":134180868,"u":134180869,"b":[["1.21100000","334.88000000"]],"a":[["1.21900000","2100.70000000"]]}}
1721749277705289 {"stream":"nexousdt@depth@100ms","data":{"e":"depthUpdate","E":1721749277753,"s":"NEXOUSDT","U":134180870,"u":134180870,"b":[["1.21000000","1609.97000000"],["1.20800000","212.14000000"]],"a":[]}}
1721749279303822 {"stream":"nexousdt@depth@100ms","data":{"e":"depthUpdate","E":1721749279354,"s":"NEXOUSDT","U":134180871,"u":134180871,"b":[["1.20700000","617.90000000"],["1.20500000","217.16000000"]],"a":[]}}
1721749279803888 {"stream":"nexousdt@depth@100ms","data":{"e":"depthUpdate","E":1721749279854,"s":"NEXOUSDT","U":134180872,"u":134180872,"b":[],"a":[["1.27700000","0.00000000"],["1.27800000","12088.64000000"]]}}
1721749279904165 {"stream":"nexousdt@depth@100ms","data":{"e":"depthUpdate","E":1721749279954,"s":"NEXOUSDT","U":134180873,"u":134180873,"b":[["1.20400000","2480.71000000"],["1.20300000","975.53000000"]],"a":[]}}
1721749280304947 {"stream":"nexousdt@depth@100ms","data":{"e":"depthUpdate","E":1721749280354,"s":"NEXOUSDT","U":134180874,"u":134180876,"b":[["1.20200000","2667.35000000"],["1.19800000","299.78000000"],["1.19700000","232.56000000"]],"a":[]}}
1721749281305866 {"stream":"nexousdt@depth@100ms","data":{"e":"depthUpdate","E":1721749281355,"s":"NEXOUSDT","U":134180877,"u":134180877,"b":[],"a":[["1.22200000","4749.54000000"],["1.22400000","1412.61000000"]]}}
1721749281506490 {"stream":"nexousdt@depth@100ms","data":{"e":"depthUpdate","E":1721749281555,"s":"NEXOUSDT","U":134180878,"u":134180878,"b":[["1.20300000","1146.55000000"],["1.20100000","637.75000000"]],"a":[]}}
1721749282417986 {"stream":"nexousdt@depth@100ms","data":{"e":"depthUpdate","E":1721749282455,"s":"NEXOUSDT","U":134180879,"u":134180879,"b":[["1.20500000","300.14000000"],["1.20400000","2397.66000000"]],"a":[]}}
1721749282908143 {"stream":"nexousdt@depth@100ms","data":{"e":"depthUpdate","E":1721749282955,"s":"NEXOUSDT","U":134180880,"u":134180880,"b":[["1.18300000","7.21000000"]],"a":[]}}
1721749291026049 {"stream":"nexousdt@depth@100ms","data":{"e":"depthUpdate","E":1721749291059,"s":"NEXOUSDT","U":134180881,"u":134180881,"b":[["1.18600000","1034.87000000"]],"a":[]}}
1721749291116883 {"stream":"nexousdt@depth@100ms","data":{"e":"depthUpdate","E":1721749291159,"s":"NEXOUSDT","U":134180882,"u":134180883,"b":[["1.21500000","323.17000000"],["1.21400000","411.33000000"]],"a":[]}}
1721749291716685 {"stream":"nexousdt@bookTicker","data":{"u":134180885,"s":"NEXOUSDT","b":"1.21600000","B":"96.24000000","a":"1.21800000","A":"461.47000000"}}
1721749291725675 {"stream":"nexousdt@depth@100ms","data":{"e":"depthUpdate","E":1721749291760,"s":"NEXOUSDT","U":134180884,"u":134180885,"b":[["1.21600000","96.24000000"],["1.21500000","268.81000000"]],"a":[]}}
1721749291826421 {"stream":"nexousdt@depth@100ms","data":{"e":"depthUpdate","E":1721749291860,"s":"NEXOUSDT","U":134180886,"u":134180887,"b":[],"a":[["1.22300000","229.87000000"],["1.22500000","2231.65000000"]]}}
1721749293158648 {"stream":"nexousdt@bookTicker","data":{"u":134180889,"s":"NEXOUSDT","b":"1.21600000","B":"96.24000000","a":"1.21800000","A":"74.36000000"}}
1721749293158786 {"stream":"nexousdt@bookTicker","data":{"u":134180890,"s":"NEXOUSDT","b":"1.21600000","B":"96.24000000","a":"1.21800000","A":"20.00000000"}}
1721749293158844 {"stream":"nexousdt@bookTicker","data":{"u":134180894,"s":"NEXOUSDT","b":"1.21600000","B":"178.03000000","a":"1.21800000","A":"20.00000000"}}
1721749293158895 {"stream":"nexousdt@bookTicker","data":{"u":134180895,"s":"NEXOUSDT","b":"1.21600000","B":"219.11000000","a":"1.21800000","A":"20.00000000"}}
1721749293227229 {"stream":"nexousdt@depth@100ms","data":{"e":"depthUpdate","E":1721749293260,"s":"NEXOUSDT","U":134180888,"u":134180896,"b":[["1.21600000","219.11000000"],["1.21100000","258.53000000"]],"a":[["1.21800000","20.00000000"],["1.21900000","2155.06000000"],["1.22100000","1507.46000000"],["1.22800000","180.24000000"],["1.23200000","6909.66000000"]]}}
1721749293328348 {"stream":"nexousdt@depth@100ms","data":{"e":"depthUpdate","E":1721749293360,"s":"NEXOUSDT","U":134180897,"u":134180901,"b":[["1.21500000","433.14000000"],["1.21100000","278.05000000"],["1.21000000","1590.74000000"]],"a":[["1.21900000","2135.51000000"],["1.22000000","193.17000000"]]}}
1721749293526157 {"stream":"nexousdt@depth@100ms","data":{"e":"depthUpdate","E":1721749293561,"s":"NEXOUSDT","U":134180902,"u":134180903,"b":[["1.20200000","211.69000000"],["1.20100000","3095.46000000"]],"a":[]}}
1721749294629202 {"stream":"nexousdt@depth@100ms","data":{"e":"depthUpdate","E":1721749294661,"s":"NEXOUSDT","U":134180904,"u":134180904,"b":[["1.20800000","294.92000000"],["1.20700000","535.05000000"]],"a":[]}}
1721749294929783 {"stream":"nexousdt@depth@100ms","data":{"e":"depthUpdate","E":1721749294961,"s":"NEXOUSDT","U":134180905,"u":134180905,"b":[["1.20300000","439.19000000"],["1.20100000","3651.69000000"]],"a":[]}}
1721749303232051 {"stream":"nexousdt@depth@100ms","data":{"e":"depthUpdate","E":1721749303265,"s":"NEXOUSDT","U":134180906,"u":134180906,"b":[],"a":[["1.21900000","1971.18000000"]]}}
1721749303332327 {"stream":"nexousdt@depth@100ms","data":{"e":"depthUpdate","E":1721749303365,"s":"NEXOUSDT","U":134180907,"u":134180908,"b":[["1.21500000","287.27000000"],["1.21400000","557.20000000"]],"a":[]}}
1721749303831341 {"stream":"nexousdt@depth@100ms","data":{"e":"depthUpdate","E":1721749303865,"s":"NEXOUSDT","U":134180909,"u":134180909,"b":[["1.19200000","164.13000000"]],"a":[]}}
1721749304632431 {"stream":"nexousdt@depth@100ms","data":{"e":"depthUpdate","E":1721749304666,"s":"NEXOUSDT","U":134180910,"u":134180911,"b":[],"a":[["1.25200000","49.84000000"],["1.25400000","362.83000000"]]}}
1721749306033565 {"stream":"nexousdt@depth@100ms","data":{"e":"depthUpdate","E":1721749306066,"s":"NEXOUSDT","U":134180912,"u":134180912,"b":[],"a":[["1.25400000","155.83000000"]]}}
1721749306134284 {"stream":"nexousdt@depth@100ms","data":{"e":"depthUpdate","E":1721749306166,"s":"NEXOUSDT","U":134180913,"u":134180915,"b":[["1.20000000","6450.85000000"],["1.19600000","10017.41000000"]],"a":[["1.25400000","155.83000000"]]}}
1721749306432352 {"stream":"nexousdt@depth@100ms","data":{"e":"depthUpdate","E":1721749306466,"s":"NEXOUSDT","U":134180916,"u":134180916,"b":[["1.20100000","1193.98000000"]],"a":[]}}
1721749306532737 {"stream":"nexousdt@depth@100ms","data":{"e":"depthUpdate","E":1721749306566,"s":"NEXOUSDT","U":134180917,"u":134180917,"b":[["1.20200000","2667.35000000"]],"a":[]}}
1721749306853167 {"stream":"nexousdt@depth@100ms","data":{"e":"depthUpdate","E":1721749306866,"s":"NEXOUSDT","U":134180918,"u":134180919,"b":[["1.21100000","261.54000000"],["1.21000000","1508.10000000"]],"a":[]}}
1721749306932758 {"stream":"nexousdt@depth@100ms","data":{"e":"depthUpdate","E":1721749306967,"s":"NEXOUSDT","U":134180920,"u":134180920,"b":[["1.20900000","4735.06000000"]],"a":[]}}
1721749307132274 {"stream":"nexousdt@depth@100ms","data":{"e":"depthUpdate","E":1721749307166,"s":"NEXOUSDT","U":134180921,"u":134180921,"b":[["1.21200000","243.09000000"]],"a":[]}}
1721749307333490 {"stream":"nexousdt@depth@100ms","data":{"e":"depthUpdate","E":1721749307367,"s":"NEXOUSDT","U":134180922,"u":134180922,"b":[["1.21200000","259.59000000"]],"a":[]}}
1721749307383584 {"stream":"nexousdt@bookTicker","data":{"u":134180923,"s":"NEXOUSDT","b":"1.21600000","B":"164.75000000","a":"1.21800000","A":"20.00000000"}}
1721749307383834 {"stream":"nexousdt@bookTicker","data":{"u":134180924,"s":"NEXOUSDT","b":"1.21700000","B":"54.36000000","a":"1.21800000","A":"20.00000000"}}
1721749307432832 {"stream":"nexousdt@depth@100ms","data":{"e":"depthUpdate","E":1721749307467,"s":"NEXOUSDT","U":134180923,"u":134180926,"b":[["1.21700000","54.36000000"],["1.21600000","164.75000000"],["1.21200000","243.09000000"],["1.21100000","278.05000000"]],"a":[]}}
1721749307543112 {"stream":"nexousdt@depth@100ms","data":{"e":"depthUpdate","E":1721749307567,"s":"NEXOUSDT","U":134180927,"u":134180934,"b":[["1.21500000","452.21000000"],["1.21400000","392.26000000"],["1.21300000","2319.08000000"],["1.21200000","164.74000000"],["1.21100000","261.54000000"]],"a":[["1.21900000","377.21000000"],["1.22000000","1651.09000000"]]}}
1721749307842918 {"stream":"nexousdt@depth@100ms","data":{"e":"depthUpdate","E":1721749307867,"s":"NEXOUSDT","U":134180935,"u":134180935,"b":[["1.21000000","211.78000000"]],"a":[]}}
1721749307933354 {"stream":"nexousdt@depth@100ms","data":{"e":"depthUpdate","E":1721749307967,"s":"NEXOUSDT","U":134180936,"u":134180936,"b":[["1.21600000","152.75000000"]],"a":[]}}
1721749308033359 {"stream":"nexousdt@depth@100ms","data":{"e":"depthUpdate","E":1721749308067,"s":"NEXOUSDT","U":134180937,"u":134180937,"b":[["1.21100000","278.05000000"]],"a":[]}}
1721749309033285 {"stream":"nexousdt@depth@100ms","data":{"e":"depthUpdate","E":1721749309067,"s":"NEXOUSDT","U":134180938,"u":134180938,"b":[],"a":[["1.22200000","5964.48000000"],["1.22400000","197.67000000"]]}}
1721749309233270 {"stream":"nexousdt@depth@100ms","data":{"e":"depthUpdate","E":1721749309267,"s":"NEXOUSDT","U":134180939,"u":134180940,"b":[["1.21300000","2240.73000000"],["1.21200000","243.09000000"]],"a":[]}}
1721749309344382 {"stream":"nexousdt@depth@100ms","data":{"e":"depthUpdate","E":1721749309367,"s":"NEXOUSDT","U":134180941,"u":134180942,"b":[["1.20300000","268.17000000"],["1.20100000","1365.29000000"]],"a":[["1.21900000","229.55000000"]]}}
1721749309433180 {"stream":"nexousdt@depth@100ms","data":{"e":"depthUpdate","E":1721749309467,"s":"NEXOUSDT","U":134180943,"u":134180944,"b":[["1.21500000","452.21000000"],["1.21400000","720.78000000"],["1.21300000","1911.65000000"]],"a":[]}}
1721749309934439 {"stream":"nexousdt@depth@100ms","data":{"e":"depthUpdate","E":1721749309968,"s":"NEXOUSDT","U":134180945,"u":134180945,"b":[["1.21100000","261.54000000"]],"a":[]}}
1721749310033366 {"stream":"nexousdt@depth@100ms","data":{"e":"depthUpdate","E":1721749310068,"s":"NEXOUSDT","U":134180946,"u":134180946,"b":[],"a":[["1.25500000","247.59000000"]]}}
1721749310145437 {"stream":"nexousdt@depth@100ms","data":{"e":"depthUpdate","E":1721749310168,"s":"NEXOUSDT","U":134180947,"u":134180947,"b":[],"a":[["1.25500000","38.52000000"]]}}
1721749310835265 {"stream":"nexousdt@depth@100ms","data":{"e":"depthUpdate","E":1721749310868,"s":"NEXOUSDT","U":134180948,"u":134180948,"b":[["1.20400000","2777.39000000"],["1.20100000","809.06000000"]],"a":[]}}
1721749314944423 {"stream":"nexousdt@depth@100ms","data":{"e":"depthUpdate","E":1721749314970,"s":"NEXOUSDT","U":134180949,"u":134180949,"b":[["1.21200000","259.59000000"]],"a":[]}}
1721749315054591 {"stream":"nexousdt@depth@100ms","data":{"e":"depthUpdate","E":1721749315070,"s":"NEXOUSDT","U":134180950,"u":134180951,"b":[["1.21600000","298.62000000"],["1.21400000","574.91000000"]],"a":[]}}
1721749316644801 {"stream":"nexousdt@depth@100ms","data":{"e":"depthUpdate","E":1721749316671,"s":"NEXOUSDT","U":134180952,"u":134180955,"b":[["1.21200000","243.09000000"],["1.20900000","4652.35000000"],["1.20800000","212.14000000"],["1.20500000","217.16000000"]],"a":[]}}
1721749316754789 {"stream":"nexousdt@depth@100ms","data":{"e":"depthUpdate","E":1721749316771,"s":"NEXOUSDT","U":134180956,"u":134180956,"b":[["1.18700000","214.34000000"]],"a":[]}}
1721749316844814 {"stream":"nexousdt@depth@100ms","data":{"e":"depthUpdate","E":1721749316871,"s":"NEXOUSDT","U":134180957,"u":134180957,"b":[["1.21100000","343.43000000"]],"a":[]}}
1721749316944858 {"stream":"nexousdt@depth@100ms","data":{"e":"depthUpdate","E":1721749316971,"s":"NEXOUSDT","U":134180958,"u":134180959,"b":[["1.21200000","259.59000000"],["1.21100000","426.00000000"]],"a":[]}}
1721749317055172 {"stream":"nexousdt@depth@100ms","data":{"e":"depthUpdate","E":1721749317071,"s":"NEXOUSDT","U":134180960,"u":134180960,"b":[["1.21000000","1235.82000000"]],"a":[]}}
1721749317345014 {"stream":"nexousdt@depth@100ms","data":{"e":"depthUpdate","E":1721749317371,"s":"NEXOUSDT","U":134180961,"u":134180961,"b":[["1.20800000","294.92000000"]],"a":[]}}
1721749317445397 {"stream":"nexousdt@depth@100ms","data":{"e":"depthUpdate","E":1721749317471,"s":"NEXOUSDT","U":134180962,"u":134180962,"b":[["1.20600000","337.69000000"]],"a":[]}}
1721749318145195 {"stream":"nexousdt@depth@100ms","data":{"e":"depthUpdate","E":1721749318171,"s":"NEXOUSDT","U":134180963,"u":134180967,"b":[["1.21200000","243.09000000"],["1.21100000","278.05000000"],["1.21000000","1318.46000000"]],"a":[]}}
1721749318245218 {"stream":"nexousdt@depth@100ms","data":{"e":"depthUpdate","E":1721749318271,"s":"NEXOUSDT","U":134180968,"u":134180968,"b":[["1.21000000","2042.27000000"]],"a":[]}}
1721749318856771 {"stream":"nexousdt@depth@100ms","data":{"e":"depthUpdate","E":1721749318872,"s":"NEXOUSDT","U":134180969,"u":134180969,"b":[],"a":[["1.22200000","4749.54000000"],["1.22400000","1412.61000000"]]}}
1721749319045213 {"stream":"nexousdt@depth@100ms","data":{"e":"depthUpdate","E":1721749319072,"s":"NEXOUSDT","U":134180970,"u":134180971,"b":[["1.21300000","1990.00000000"],["1.21200000","164.74000000"]],"a":[]}}
1721749319145743 {"stream":"nexousdt@depth@100ms","data":{"e":"depthUpdate","E":1721749319172,"s":"NEXOUSDT","U":134180972,"u":134180972,"b":[["1.20300000","439.19000000"],["1.20100000","637.75000000"]],"a":[]}}
1721749319245514 {"stream":"nexousdt@depth@100ms","data":{"e":"depthUpdate","E":1721749319272,"s":"NEXOUSDT","U":134180973,"u":134180973,"b":[["1.20200000","211.69000000"]],"a":[]}}
1721749319345438 {"stream":"nexousdt@depth@100ms","data":{"e":"depthUpdate","E":1721749319372,"s":"NEXOUSDT","U":134180974,"u":134180974,"b":[["1.20100000","3095.46000000"]],"a":[]}}
1721749319745648 {"stream":"nexousdt@depth@100ms","data":{"e":"depthUpdate","E":1721749319772,"s":"NEXOUSDT","U":134180975,"u":134180975,"b":[["1.20300000","368.66000000"]],"a":[]}}
1721749320045483 {"stream":"nexousdt@depth@100ms","data":{"e":"depthUpdate","E":1721749320072,"s":"NEXOUSDT","U":134180976,"u":134180976,"b":[["1.18900000","388.68000000"]],"a":[]}}
1721749320145677 {"stream":"nexousdt@depth@100ms","data":{"e":"depthUpdate","E":1721749320172,"s":"NEXOUSDT","U":134180977,"u":134180977,"b":[],"a":[["1.25500000","244.81000000"]]}}
1721749321646789 {"stream":"nexousdt@depth@100ms","data":{"e":"depthUpdate","E":1721749321673,"s":"NEXOUSDT","U":134180978,"u":134180979,"b":[["1.20600000","408.04000000"]],"a":[["1.25500000","38.52000000"]]}}
1721749321715495 {"stream":"nexousdt@bookTicker","data":{"u":134180980,"s":"NEXOUSDT","b":"1.21600000","B":"298.62000000","a":"1.21800000","A":"20.00000000"}}
1721749321715647 {"stream":"nexousdt@bookTicker","data":{"u":134180981,"s":"NEXOUSDT","b":"1.21700000","B":"48.91000000","a":"1.21800000","A":"20.00000000"}}
1721749322137092 {"stream":"nexousdt@depth@100ms","data":{"e":"depthUpdate","E":1721749321773,"s":"NEXOUSDT","U":134180980,"u":134180983,"b":[["1.21700000","48.91000000"],["1.21300000","1911.65000000"],["1.21200000","243.09000000"]],"a":[]}}
1721749322137295 {"stream":"nexousdt@depth@100ms","data":{"e":"depthUpdate","E":1721749321973,"s":"NEXOUSDT","U":134180984,"u":134180989,"b":[["1.21300000","1990.00000000"],["1.21200000","164.74000000"]],"a":[["1.22600000","324.77000000"],["1.23000000","5775.80000000"],["1.34800000","193.61000000"],["1.35100000","9264.86000000"]]}}
1721749322196408 {"stream":"nexousdt@depth@100ms","data":{"e":"depthUpdate","E":1721749322073,"s":"NEXOUSDT","U":134180990,"u":134180991,"b":[["1.20400000","2397.66000000"],["1.20200000","612.67000000"]],"a":[["1.22900000","2093.78000000"]]}}
1721749322196553 {"stream":"nexousdt@depth@100ms","data":{"e":"depthUpdate","E":1721749322173,"s":"NEXOUSDT","U":134180992,"u":134180992,"b":[],"a":[["1.22500000","369.55000000"]]}}
1721749322245741 {"stream":"nexousdt@depth@100ms","data":{"e":"depthUpdate","E":1721749322273,"s":"NEXOUSDT","U":134180993,"u":134180993,"b":[],"a":[["1.22100000","3733.43000000"]]}}
1721749322997369 {"stream":"nexousdt@depth@100ms","data":{"e":"depthUpdate","E":1721749322873,"s":"NEXOUSDT","U":134180994,"u":134180994,"b":[],"a":[["1.22200000","5964.48000000"],["1.22400000","197.67000000"]]}}
1721749323226034 {"stream":"nexousdt@depth@100ms","data":{"e":"depthUpdate","E":1721749323174,"s":"NEXOUSDT","U":134180995,"u":134180995,"b":[["1.20300000","197.64000000"],["1.20100000","3266.77000000"]],"a":[]}}
1721749324236824 {"stream":"nexousdt@depth@100ms","data":{"e":"depthUpdate","E":1721749324174,"s":"NEXOUSDT","U":134180996,"u":134180996,"b":[],"a":[["1.22100000","2518.77000000"]]}}
1721749324345671 {"stream":"nexousdt@depth@100ms","data":{"e":"depthUpdate","E":1721749324374,"s":"NEXOUSDT","U":134180997,"u":134181000,"b":[["1.21100000","261.54000000"],["1.21000000","1235.82000000"],["1.20600000","325.13000000"]],"a":[]}}
1721749324767071 {"stream":"nexousdt@depth@100ms","data":{"e":"depthUpdate","E":1721749324474,"s":"NEXOUSDT","U":134181001,"u":134181003,"b":[["1.21000000","1959.63000000"],["1.20800000","212.14000000"],["1.18900000","181.98000000"]],"a":[]}}
1721749325290655 {"stream":"nexousdt@depth@100ms","data":{"e":"depthUpdate","E":1721749325074,"s":"NEXOUSDT","U":134181004,"u":134181004,"b":[["1.21200000","181.24000000"]],"a":[]}}
1721749325290807 {"stream":"nexousdt@depth@100ms","data":{"e":"depthUpdate","E":1721749325174,"s":"NEXOUSDT","U":134181005,"u":134181007,"b":[["1.21600000","152.75000000"],["1.21400000","720.78000000"],["1.21100000","344.11000000"]],"a":[]}}
1721749325345433 {"stream":"nexousdt@depth@100ms","data":{"e":"depthUpdate","E":1721749325374,"s":"NEXOUSDT","U":134181008,"u":134181009,"b":[["1.20800000","294.92000000"],["1.20500000","300.14000000"]],"a":[]}}
1721749327741377 {"stream":"nexousdt@bookTicker","data":{"u":134181010,"s":"NEXOUSDT","b":"1.21600000","B":"152.75000000","a":"1.21800000","A":"20.00000000"}}
1721749327741526 {"stream":"nexousdt@bookTicker","data":{"u":134181011,"s":"NEXOUSDT","b":"1.21600000","B":"201.66000000","a":"1.21800000","A":"20.00000000"}}
1721749327741560 {"stream":"nexousdt@depth@100ms","data":{"e":"depthUpdate","E":1721749327676,"s":"NEXOUSDT","U":134181010,"u":134181013,"b":[["1.21700000","0.00000000"],["1.21600000","201.66000000"],["1.21300000","1911.65000000"],["1.21200000","259.59000000"]],"a":[]}}
1721749327741603 {"stream":"nexousdt@bookTicker","data":{"u":134181017,"s":"NEXOUSDT","b":"1.21600000","B":"213.66000000","a":"1.21800000","A":"20.00000000"}}
1721749327746451 {"stream":"nexousdt@depth@100ms","data":{"e":"depthUpdate","E":1721749327776,"s":"NEXOUSDT","U":134181014,"u":134181017,"b":[["1.21600000","213.66000000"],["1.21500000","722.73000000"],["1.21400000","392.26000000"],["1.21200000","243.09000000"],["1.21100000","261.54000000"]],"a":[]}}
1721749328345618 {"stream":"nexousdt@depth@100ms","data":{"e":"depthUpdate","E":1721749328376,"s":"NEXOUSDT","U":134181018,"u":134181018,"b":[["1.21000000","1235.82000000"]],"a":[]}}
1721749328456075 {"stream":"nexousdt@depth@100ms","data":{"e":"depthUpdate","E":1721749328476,"s":"NEXOUSDT","U":134181019,"u":134181019,"b":[["1.21000000","1399.70000000"]],"a":[]}}
1721749328597398 {"stream":"nexousdt@bookTicker","data":{"u":134181020,"s":"NEXOUSDT","b":"1.21600000","B":"399.41000000","a":"1.21800000","A":"20.00000000"}}
1721749328657110 {"stream":"nexousdt@depth@100ms","data":{"e":"depthUpdate","E":1721749328676,"s":"NEXOUSDT","U":134181020,"u":134181020,"b":[["1.21600000","399.41000000"]],"a":[]}}
1721749328746253 {"stream":"nexousdt@depth@100ms","data":{"e":"depthUpdate","E":1721749328776,"s":"NEXOUSDT","U":134181021,"u":134181023,"b":[["1.21300000","1990.00000000"],["1.21200000","164.74000000"],["1.18400000","273.30000000"]],"a":[]}}
1721749329246064 {"stream":"nexousdt@depth@100ms","data":{"e":"depthUpdate","E":1721749329276,"s":"NEXOUSDT","U":134181024,"u":134181024,"b":[],"a":[["1.21900000","632.63000000"]]}}
1721749329346637 {"stream":"nexousdt@depth@100ms","data":{"e":"depthUpdate","E":1721749329376,"s":"NEXOUSDT","U":134181025,"u":134181026,"b":[["1.21500000","452.21000000"],["1.21400000","720.81000000"]],"a":[["1.21900000","681.54000000"]]}}
1721749330055729 {"stream":"nexousdt@depth@100ms","data":{"e":"depthUpdate","E":1721749330077,"s":"NEXOUSDT","U":134181027,"u":134181029,"b":[["1.21000000","1235.82000000"],["1.18800000","377.68000000"]],"a":[["1.25400000","366.80000000"]]}}
1721749330286054 {"stream":"nexousdt@bookTicker","data":{"u":134181030,"s":"NEXOUSDT","b":"1.21600000","B":"213.66000000","a":"1.21800000","A":"20.00000000"}}
1721749330346101 {"stream":"nexousdt@depth@100ms","data":{"e":"depthUpdate","E":1721749330377,"s":"NEXOUSDT","U":134181030,"u":134181030,"b":[["1.21600000","213.66000000"]],"a":[]}}
1721749331756042 {"stream":"nexousdt@depth@100ms","data":{"e":"depthUpdate","E":1721749331778,"s":"NEXOUSDT","U":134181031,"u":134181031,"b":[],"a":[["1.25400000","155.83000000"]]}}
1721749332055773 {"stream":"nexousdt@depth@100ms","data":{"e":"depthUpdate","E":1721749332078,"s":"NEXOUSDT","U":134181032,"u":134181032,"b":[["1.20200000","211.69000000"],["1.19700000","902.50000000"]],"a":[]}}
1721749332746599 {"stream":"nexousdt@depth@100ms","data":{"e":"depthUpdate","E":1721749332778,"s":"NEXOUSDT","U":134181033,"u":134181033,"b":[["1.21000000","1318.46000000"]],"a":[]}}
1721749332846491 {"stream":"nexousdt@depth@100ms","data":{"e":"depthUpdate","E":1721749332878,"s":"NEXOUSDT","U":134181034,"u":134181034,"b":[["1.20100000","809.06000000"]],"a":[]}}
1721749332945708 {"stream":"nexousdt@depth@100ms","data":{"e":"depthUpdate","E":1721749332978,"s":"NEXOUSDT","U":134181035,"u":134181035,"b":[["1.20200000","2667.35000000"]],"a":[]}}
1721749333556279 {"stream":"nexousdt@depth@100ms","data":{"e":"depthUpdate","E":1721749333578,"s":"NEXOUSDT","U":134181036,"u":134181038,"b":[["1.21000000","1235.82000000"],["1.20800000","212.14000000"],["1.20500000","217.16000000"]],"a":[]}}
1721749333646126 {"stream":"nexousdt@depth@100ms","data":{"e":"depthUpdate","E":1721749333679,"s":"NEXOUSDT","U":134181039,"u":134181039,"b":[["1.18800000","169.66000000"]],"a":[]}}
1721749335556365 {"stream":"nexousdt@depth@100ms","data":{"e":"depthUpdate","E":1721749335579,"s":"NEXOUSDT","U":134181040,"u":134181040,"b":[["1.21000000","1318.46000000"]],"a":[]}}
1721749335846634 {"stream":"nexousdt@depth@100ms","data":{"e":"depthUpdate","E":1721749335879,"s":"NEXOUSDT","U":134181041,"u":134181042,"b":[["1.20800000","294.92000000"],["1.20500000","300.14000000"]],"a":[]}}
1721749335946408 {"stream":"nexousdt@depth@100ms","data":{"e":"depthUpdate","E":1721749335979,"s":"NEXOUSDT","U":134181043,"u":134181043,"b":[["1.20100000","734.26000000"]],"a":[]}}
1721749337456421 {"stream":"nexousdt@depth@100ms","data":{"e":"depthUpdate","E":1721749337481,"s":"NEXOUSDT","U":134181044,"u":134181046,"b":[["1.21000000","1235.82000000"],["1.20800000","212.14000000"],["1.20500000","217.16000000"]],"a":[]}}
1721749337756720 {"stream":"nexousdt@depth@100ms","data":{"e":"depthUpdate","E":1721749337780,"s":"NEXOUSDT","U":134181047,"u":134181047,"b":[["1.20100000","809.06000000"]],"a":[]}}
1721749337857109 {"stream":"nexousdt@depth@100ms","data":{"e":"depthUpdate","E":1721749337880,"s":"NEXOUSDT","U":134181048,"u":134181049,"b":[["1.21500000","598.08000000"],["1.21400000","574.94000000"]],"a":[]}}
1721749338056367 {"stream":"nexousdt@depth@100ms","data":{"e":"depthUpdate","E":1721749338080,"s":"NEXOUSDT","U":134181050,"u":134181050,"b":[["1.21200000","181.24000000"]],"a":[]}}
1721749338156506 {"stream":"nexousdt@depth@100ms","data":{"e":"depthUpdate","E":1721749338180,"s":"NEXOUSDT","U":134181051,"u":134181052,"b":[["1.21200000","164.74000000"],["1.21000000","1318.46000000"]],"a":[]}}
1721749338349483 {"stream":"nexousdt@depth@100ms","data":{"e":"depthUpdate","E":1721749338380,"s":"NEXOUSDT","U":134181053,"u":134181054,"b":[["1.20700000","617.90000000"],["1.20500000","300.14000000"]],"a":[]}}
1721749338453992 {"stream":"nexousdt@depth@100ms","data":{"e":"depthUpdate","E":1721749338480,"s":"NEXOUSDT","U":134181055,"u":134181055,"b":[],"a":[["1.26500000","142.54000000"]]}}
1721749338754691 {"stream":"nexousdt@depth@100ms","data":{"e":"depthUpdate","E":1721749338780,"s":"NEXOUSDT","U":134181056,"u":134181056,"b":[],"a":[["1.27000000","142.42000000"]]}}
1721749340056204 {"stream":"nexousdt@depth@100ms","data":{"e":"depthUpdate","E":1721749340081,"s":"NEXOUSDT","U":134181057,"u":134181058,"b":[["1.18900000","393.11000000"]],"a":[["1.25400000","366.29000000"]]}}
1721749345256826 {"stream":"nexousdt@depth@100ms","data":{"e":"depthUpdate","E":1721749345283,"s":"NEXOUSDT","U":134181059,"u":134181059,"b":[],"a":[["1.22700000","340.18000000"]]}}
